;; -*- mode: org; mode: beancount; -*-
;; Birth: 1980-05-12
;; Dates: 2018-01-01 - 2020-12-31
;; THIS FILE HAS BEEN AUTO-GENERATED.
* Options

option "title" "Example Beancount file"
option "operating_currency" "USD"




* Commodities


1792-01-01 commodity USD
  export: "CASH"
  name: "US Dollar"

1900-01-01 commodity VMMXX
  export: "MUTF:VMMXX (MONEY:USD)"

1980-05-12 commodity VACHR
  export: "IGNORE"
  name: "Employer Vacation Hours"

1980-05-12 commodity IRAUSD
  export: "IGNORE"
  name: "US 401k and IRA Contributions"

1995-09-18 commodity VBMPX
  export: "MUTF:VBMPX"
  name: "Vanguard Total Bond Market Index Fund Institutional Plus Shares"
  price: "USD:google/MUTF:VBMPX"

2004-01-20 commodity ITOT
  export: "NYSEARCA:ITOT"
  name: "iShares Core S&P Total U.S. Stock Market ETF"
  price: "USD:google/NYSEARCA:ITOT"

2004-01-26 commodity VHT
  export: "NYSEARCA:VHT"
  name: "Vanguard Health Care ETF"
  price: "USD:google/NYSEARCA:VHT"

2004-11-01 commodity GLD
  export: "NYSEARCA:GLD"
  name: "SPDR Gold Trust (ETF)"
  price: "USD:google/NYSEARCA:GLD"

2007-07-20 commodity VEA
  export: "NYSEARCA:VEA"
  name: "Vanguard FTSE Developed Markets ETF"
  price: "USD:google/NYSEARCA:VEA"

2009-05-01 commodity RGAGX
  export: "MUTF:RGAGX"
  name: "American Funds The Growth Fund of America Class R-6"
  price: "USD:google/MUTF:RGAGX"



* Equity Accounts

1980-05-12 open Equity:Opening-Balances
1980-05-12 open Liabilities:AccountsPayable



* Banking

2018-01-01 open Assets:US:BofA
  address: "123 America Street, LargeTown, USA"
  institution: "Bank of America"
  phone: "+1.012.345.6789"
2018-01-01 open Assets:US:BofA:Checking                        USD
  account: "00234-48574897"

2018-01-01 * "Opening Balance for checking account"
  Assets:US:BofA:Checking                         3846.85 USD
  Equity:Opening-Balances                        -3846.85 USD

2018-01-02 balance Assets:US:BofA:Checking        3846.85 USD

2018-01-04 * "BANK FEES" "Monthly bank fee"
  Assets:US:BofA:Checking                           -4.00 USD
  Expenses:Financial:Fees                            4.00 USD

2018-01-05 * "RiverBank Properties" "Paying the rent"
  Assets:US:BofA:Checking                        -2400.00 USD
  Expenses:Home:Rent                              2400.00 USD

2018-01-08 * "EDISON POWER" ""
  Assets:US:BofA:Checking                          -65.00 USD
  Expenses:Home:Electricity                         65.00 USD

2018-01-19 * "Verizon Wireless" ""
  Assets:US:BofA:Checking                          -55.40 USD
  Expenses:Home:Phone                               55.40 USD

2018-01-22 * "Wine-Tarner Cable" ""
  Assets:US:BofA:Checking                          -80.11 USD
  Expenses:Home:Internet                            80.11 USD

2018-01-28 balance Assets:US:BofA:Checking        3892.91 USD

2018-02-04 * "BANK FEES" "Monthly bank fee"
  Assets:US:BofA:Checking                           -4.00 USD
  Expenses:Financial:Fees                            4.00 USD

2018-02-06 * "RiverBank Properties" "Paying the rent"
  Assets:US:BofA:Checking                        -2400.00 USD
  Expenses:Home:Rent                              2400.00 USD

2018-02-08 * "EDISON POWER" ""
  Assets:US:BofA:Checking                          -65.00 USD
  Expenses:Home:Electricity                         65.00 USD

2018-02-19 * "Verizon Wireless" ""
  Assets:US:BofA:Checking                          -51.96 USD
  Expenses:Home:Phone                               51.96 USD

2018-02-22 * "Wine-Tarner Cable" ""
  Assets:US:BofA:Checking                          -79.92 USD
  Expenses:Home:Internet                            79.92 USD

2018-02-23 balance Assets:US:BofA:Checking        3233.63 USD

2018-03-04 * "BANK FEES" "Monthly bank fee"
  Assets:US:BofA:Checking                           -4.00 USD
  Expenses:Financial:Fees                            4.00 USD

2018-03-06 * "RiverBank Properties" "Paying the rent"
  Assets:US:BofA:Checking                        -2400.00 USD
  Expenses:Home:Rent                              2400.00 USD

2018-03-09 * "EDISON POWER" ""
  Assets:US:BofA:Checking                          -65.00 USD
  Expenses:Home:Electricity                         65.00 USD

2018-03-15 balance Assets:US:BofA:Checking        1493.49 USD

2018-03-19 * "Verizon Wireless" ""
  Assets:US:BofA:Checking                          -60.72 USD
  Expenses:Home:Phone                               60.72 USD

2018-03-22 * "Wine-Tarner Cable" ""
  Assets:US:BofA:Checking                          -80.09 USD
  Expenses:Home:Internet                            80.09 USD

2018-04-04 * "BANK FEES" "Monthly bank fee"
  Assets:US:BofA:Checking                           -4.00 USD
  Expenses:Financial:Fees                            4.00 USD

2018-04-05 balance Assets:US:BofA:Checking        4049.88 USD

2018-04-05 * "RiverBank Properties" "Paying the rent"
  Assets:US:BofA:Checking                        -2400.00 USD
  Expenses:Home:Rent                              2400.00 USD

2018-04-09 * "EDISON POWER" ""
  Assets:US:BofA:Checking                          -65.00 USD
  Expenses:Home:Electricity                         65.00 USD

2018-04-20 * "Verizon Wireless" ""
  Assets:US:BofA:Checking                          -67.02 USD
  Expenses:Home:Phone                               67.02 USD

2018-04-23 * "Wine-Tarner Cable" ""
  Assets:US:BofA:Checking                          -80.08 USD
  Expenses:Home:Internet                            80.08 USD

2018-04-30 balance Assets:US:BofA:Checking        3491.29 USD

2018-05-04 * "BANK FEES" "Monthly bank fee"
  Assets:US:BofA:Checking                           -4.00 USD
  Expenses:Financial:Fees                            4.00 USD

2018-05-04 * "RiverBank Properties" "Paying the rent"
  Assets:US:BofA:Checking                        -2400.00 USD
  Expenses:Home:Rent                              2400.00 USD

2018-05-08 * "EDISON POWER" ""
  Assets:US:BofA:Checking                          -65.00 USD
  Expenses:Home:Electricity                         65.00 USD

2018-05-18 * "Verizon Wireless" ""
  Assets:US:BofA:Checking                          -57.92 USD
  Expenses:Home:Phone                               57.92 USD

2018-05-21 balance Assets:US:BofA:Checking        1721.52 USD

2018-05-22 * "Wine-Tarner Cable" ""
  Assets:US:BofA:Checking                          -79.99 USD
  Expenses:Home:Internet                            79.99 USD

2018-06-04 * "BANK FEES" "Monthly bank fee"
  Assets:US:BofA:Checking                           -4.00 USD
  Expenses:Financial:Fees                            4.00 USD

2018-06-05 * "RiverBank Properties" "Paying the rent"
  Assets:US:BofA:Checking                        -2400.00 USD
  Expenses:Home:Rent                              2400.00 USD

2018-06-09 * "EDISON POWER" ""
  Assets:US:BofA:Checking                          -65.00 USD
  Expenses:Home:Electricity                         65.00 USD

2018-06-18 balance Assets:US:BofA:Checking        1183.97 USD

2018-06-18 * "Verizon Wireless" ""
  Assets:US:BofA:Checking                          -50.67 USD
  Expenses:Home:Phone                               50.67 USD

2018-06-22 * "Wine-Tarner Cable" ""
  Assets:US:BofA:Checking                          -79.90 USD
  Expenses:Home:Internet                            79.90 USD

2018-07-03 * "RiverBank Properties" "Paying the rent"
  Assets:US:BofA:Checking                        -2400.00 USD
  Expenses:Home:Rent                              2400.00 USD

2018-07-04 * "BANK FEES" "Monthly bank fee"
  Assets:US:BofA:Checking                           -4.00 USD
  Expenses:Financial:Fees                            4.00 USD

2018-07-09 * "EDISON POWER" ""
  Assets:US:BofA:Checking                          -65.00 USD
  Expenses:Home:Electricity                         65.00 USD

2018-07-13 balance Assets:US:BofA:Checking         818.25 USD

2018-07-18 * "Verizon Wireless" ""
  Assets:US:BofA:Checking                          -43.39 USD
  Expenses:Home:Phone                               43.39 USD

2018-07-22 * "Wine-Tarner Cable" ""
  Assets:US:BofA:Checking                          -79.82 USD
  Expenses:Home:Internet                            79.82 USD

2018-08-03 balance Assets:US:BofA:Checking        4096.24 USD

2018-08-04 * "BANK FEES" "Monthly bank fee"
  Assets:US:BofA:Checking                           -4.00 USD
  Expenses:Financial:Fees                            4.00 USD

2018-08-04 * "RiverBank Properties" "Paying the rent"
  Assets:US:BofA:Checking                        -2400.00 USD
  Expenses:Home:Rent                              2400.00 USD

2018-08-08 * "EDISON POWER" ""
  Assets:US:BofA:Checking                          -65.00 USD
  Expenses:Home:Electricity                         65.00 USD

2018-08-19 * "Verizon Wireless" ""
  Assets:US:BofA:Checking                          -64.64 USD
  Expenses:Home:Phone                               64.64 USD

2018-08-23 * "Wine-Tarner Cable" ""
  Assets:US:BofA:Checking                          -79.86 USD
  Expenses:Home:Internet                            79.86 USD

2018-08-27 balance Assets:US:BofA:Checking        3267.14 USD

2018-09-04 * "BANK FEES" "Monthly bank fee"
  Assets:US:BofA:Checking                           -4.00 USD
  Expenses:Financial:Fees                            4.00 USD

2018-09-06 * "RiverBank Properties" "Paying the rent"
  Assets:US:BofA:Checking                        -2400.00 USD
  Expenses:Home:Rent                              2400.00 USD

2018-09-08 * "EDISON POWER" ""
  Assets:US:BofA:Checking                          -65.00 USD
  Expenses:Home:Electricity                         65.00 USD

2018-09-14 * "Transfering accumulated savings to other account"
  Assets:US:BofA:Checking                           -4000 USD
  Assets:US:ETrade:Cash                              4000 USD

2018-09-19 * "Verizon Wireless" ""
  Assets:US:BofA:Checking                          -47.21 USD
  Expenses:Home:Phone                               47.21 USD

2018-09-21 * "Wine-Tarner Cable" ""
  Assets:US:BofA:Checking                          -80.13 USD
  Expenses:Home:Internet                            80.13 USD

2018-09-22 balance Assets:US:BofA:Checking        1066.09 USD

2018-10-04 * "BANK FEES" "Monthly bank fee"
  Assets:US:BofA:Checking                           -4.00 USD
  Expenses:Financial:Fees                            4.00 USD

2018-10-06 * "RiverBank Properties" "Paying the rent"
  Assets:US:BofA:Checking                        -2400.00 USD
  Expenses:Home:Rent                              2400.00 USD

2018-10-09 * "EDISON POWER" ""
  Assets:US:BofA:Checking                          -65.00 USD
  Expenses:Home:Electricity                         65.00 USD

2018-10-18 balance Assets:US:BofA:Checking        3064.01 USD

2018-10-20 * "Verizon Wireless" ""
  Assets:US:BofA:Checking                          -56.78 USD
  Expenses:Home:Phone                               56.78 USD

2018-10-22 * "Wine-Tarner Cable" ""
  Assets:US:BofA:Checking                          -79.91 USD
  Expenses:Home:Internet                            79.91 USD

2018-11-04 * "BANK FEES" "Monthly bank fee"
  Assets:US:BofA:Checking                           -4.00 USD
  Expenses:Financial:Fees                            4.00 USD

2018-11-04 * "RiverBank Properties" "Paying the rent"
  Assets:US:BofA:Checking                        -2400.00 USD
  Expenses:Home:Rent                              2400.00 USD

2018-11-09 * "EDISON POWER" ""
  Assets:US:BofA:Checking                          -65.00 USD
  Expenses:Home:Electricity                         65.00 USD

2018-11-09 * "Transfering accumulated savings to other account"
  Assets:US:BofA:Checking                           -4500 USD
  Assets:US:ETrade:Cash                              4500 USD

2018-11-17 balance Assets:US:BofA:Checking         444.69 USD

2018-11-20 * "Verizon Wireless" ""
  Assets:US:BofA:Checking                          -54.60 USD
  Expenses:Home:Phone                               54.60 USD

2018-11-23 * "Wine-Tarner Cable" ""
  Assets:US:BofA:Checking                          -80.10 USD
  Expenses:Home:Internet                            80.10 USD

2018-12-04 * "BANK FEES" "Monthly bank fee"
  Assets:US:BofA:Checking                           -4.00 USD
  Expenses:Financial:Fees                            4.00 USD

2018-12-04 * "RiverBank Properties" "Paying the rent"
  Assets:US:BofA:Checking                        -2400.00 USD
  Expenses:Home:Rent                              2400.00 USD

2018-12-09 * "EDISON POWER" ""
  Assets:US:BofA:Checking                          -65.00 USD
  Expenses:Home:Electricity                         65.00 USD

2018-12-12 balance Assets:US:BofA:Checking        2306.39 USD

2018-12-19 * "Verizon Wireless" ""
  Assets:US:BofA:Checking                          -60.07 USD
  Expenses:Home:Phone                               60.07 USD

2018-12-21 * "Wine-Tarner Cable" ""
  Assets:US:BofA:Checking                          -79.90 USD
  Expenses:Home:Internet                            79.90 USD

2019-01-03 * "RiverBank Properties" "Paying the rent"
  Assets:US:BofA:Checking                        -2400.00 USD
  Expenses:Home:Rent                              2400.00 USD

2019-01-04 balance Assets:US:BofA:Checking        3949.16 USD

2019-01-04 * "BANK FEES" "Monthly bank fee"
  Assets:US:BofA:Checking                           -4.00 USD
  Expenses:Financial:Fees                            4.00 USD

2019-01-08 * "EDISON POWER" ""
  Assets:US:BofA:Checking                          -65.00 USD
  Expenses:Home:Electricity                         65.00 USD

2019-01-19 * "Verizon Wireless" ""
  Assets:US:BofA:Checking                          -47.20 USD
  Expenses:Home:Phone                               47.20 USD

2019-01-23 * "Wine-Tarner Cable" ""
  Assets:US:BofA:Checking                          -80.11 USD
  Expenses:Home:Internet                            80.11 USD

2019-01-31 balance Assets:US:BofA:Checking        4516.13 USD

2019-02-03 * "RiverBank Properties" "Paying the rent"
  Assets:US:BofA:Checking                        -2400.00 USD
  Expenses:Home:Rent                              2400.00 USD

2019-02-04 * "BANK FEES" "Monthly bank fee"
  Assets:US:BofA:Checking                           -4.00 USD
  Expenses:Financial:Fees                            4.00 USD

2019-02-08 * "EDISON POWER" ""
  Assets:US:BofA:Checking                          -65.00 USD
  Expenses:Home:Electricity                         65.00 USD

2019-02-19 * "Verizon Wireless" ""
  Assets:US:BofA:Checking                          -54.39 USD
  Expenses:Home:Phone                               54.39 USD

2019-02-22 * "Wine-Tarner Cable" ""
  Assets:US:BofA:Checking                          -79.94 USD
  Expenses:Home:Internet                            79.94 USD

2019-02-24 balance Assets:US:BofA:Checking        3952.45 USD

2019-03-04 * "BANK FEES" "Monthly bank fee"
  Assets:US:BofA:Checking                           -4.00 USD
  Expenses:Financial:Fees                            4.00 USD

2019-03-04 * "RiverBank Properties" "Paying the rent"
  Assets:US:BofA:Checking                        -2400.00 USD
  Expenses:Home:Rent                              2400.00 USD

2019-03-08 * "EDISON POWER" ""
  Assets:US:BofA:Checking                          -65.00 USD
  Expenses:Home:Electricity                         65.00 USD

2019-03-19 * "Verizon Wireless" ""
  Assets:US:BofA:Checking                          -61.67 USD
  Expenses:Home:Phone                               61.67 USD

2019-03-21 * "Wine-Tarner Cable" ""
  Assets:US:BofA:Checking                          -79.95 USD
  Expenses:Home:Internet                            79.95 USD

2019-03-26 balance Assets:US:BofA:Checking        2646.19 USD

2019-04-04 * "BANK FEES" "Monthly bank fee"
  Assets:US:BofA:Checking                           -4.00 USD
  Expenses:Financial:Fees                            4.00 USD

2019-04-05 * "RiverBank Properties" "Paying the rent"
  Assets:US:BofA:Checking                        -2400.00 USD
  Expenses:Home:Rent                              2400.00 USD

2019-04-09 * "EDISON POWER" ""
  Assets:US:BofA:Checking                          -65.00 USD
  Expenses:Home:Electricity                         65.00 USD

2019-04-15 balance Assets:US:BofA:Checking        2191.30 USD

2019-04-19 * "Verizon Wireless" ""
  Assets:US:BofA:Checking                          -59.84 USD
  Expenses:Home:Phone                               59.84 USD

2019-04-23 * "Wine-Tarner Cable" ""
  Assets:US:BofA:Checking                          -79.91 USD
  Expenses:Home:Internet                            79.91 USD

2019-05-04 * "BANK FEES" "Monthly bank fee"
  Assets:US:BofA:Checking                           -4.00 USD
  Expenses:Financial:Fees                            4.00 USD

2019-05-04 * "RiverBank Properties" "Paying the rent"
  Assets:US:BofA:Checking                        -2400.00 USD
  Expenses:Home:Rent                              2400.00 USD

2019-05-06 balance Assets:US:BofA:Checking         998.15 USD

2019-05-09 * "EDISON POWER" ""
  Assets:US:BofA:Checking                          -65.00 USD
  Expenses:Home:Electricity                         65.00 USD

2019-05-19 * "Verizon Wireless" ""
  Assets:US:BofA:Checking                          -53.01 USD
  Expenses:Home:Phone                               53.01 USD

2019-05-22 * "Wine-Tarner Cable" ""
  Assets:US:BofA:Checking                          -80.18 USD
  Expenses:Home:Internet                            80.18 USD

2019-06-03 balance Assets:US:BofA:Checking        2801.93 USD

2019-06-04 * "BANK FEES" "Monthly bank fee"
  Assets:US:BofA:Checking                           -4.00 USD
  Expenses:Financial:Fees                            4.00 USD

2019-06-05 * "RiverBank Properties" "Paying the rent"
  Assets:US:BofA:Checking                        -2400.00 USD
  Expenses:Home:Rent                              2400.00 USD

2019-06-09 * "EDISON POWER" ""
  Assets:US:BofA:Checking                          -65.00 USD
  Expenses:Home:Electricity                         65.00 USD

2019-06-20 * "Verizon Wireless" ""
  Assets:US:BofA:Checking                          -73.78 USD
  Expenses:Home:Phone                               73.78 USD

2019-06-21 * "Wine-Tarner Cable" ""
  Assets:US:BofA:Checking                          -79.83 USD
  Expenses:Home:Internet                            79.83 USD

2019-06-24 balance Assets:US:BofA:Checking        2151.14 USD

2019-07-04 * "BANK FEES" "Monthly bank fee"
  Assets:US:BofA:Checking                           -4.00 USD
  Expenses:Financial:Fees                            4.00 USD

2019-07-06 * "RiverBank Properties" "Paying the rent"
  Assets:US:BofA:Checking                        -2400.00 USD
  Expenses:Home:Rent                              2400.00 USD

2019-07-09 * "EDISON POWER" ""
  Assets:US:BofA:Checking                          -65.00 USD
  Expenses:Home:Electricity                         65.00 USD

2019-07-15 balance Assets:US:BofA:Checking         352.14 USD

2019-07-18 * "Verizon Wireless" ""
  Assets:US:BofA:Checking                          -65.08 USD
  Expenses:Home:Phone                               65.08 USD

2019-07-23 * "Wine-Tarner Cable" ""
  Assets:US:BofA:Checking                          -80.06 USD
  Expenses:Home:Internet                            80.06 USD

2019-08-04 balance Assets:US:BofA:Checking        3608.20 USD

2019-08-04 * "BANK FEES" "Monthly bank fee"
  Assets:US:BofA:Checking                           -4.00 USD
  Expenses:Financial:Fees                            4.00 USD

2019-08-05 * "RiverBank Properties" "Paying the rent"
  Assets:US:BofA:Checking                        -2400.00 USD
  Expenses:Home:Rent                              2400.00 USD

2019-08-09 * "EDISON POWER" ""
  Assets:US:BofA:Checking                          -65.00 USD
  Expenses:Home:Electricity                         65.00 USD

2019-08-20 * "Verizon Wireless" ""
  Assets:US:BofA:Checking                          -63.09 USD
  Expenses:Home:Phone                               63.09 USD

2019-08-22 * "Wine-Tarner Cable" ""
  Assets:US:BofA:Checking                          -80.12 USD
  Expenses:Home:Internet                            80.12 USD

2019-08-29 balance Assets:US:BofA:Checking        3378.21 USD

2019-09-04 * "BANK FEES" "Monthly bank fee"
  Assets:US:BofA:Checking                           -4.00 USD
  Expenses:Financial:Fees                            4.00 USD

2019-09-05 * "RiverBank Properties" "Paying the rent"
  Assets:US:BofA:Checking                        -2400.00 USD
  Expenses:Home:Rent                              2400.00 USD

2019-09-09 * "EDISON POWER" ""
  Assets:US:BofA:Checking                          -65.00 USD
  Expenses:Home:Electricity                         65.00 USD

2019-09-13 * "Transfering accumulated savings to other account"
  Assets:US:BofA:Checking                           -4500 USD
  Assets:US:ETrade:Cash                              4500 USD

2019-09-18 * "Verizon Wireless" ""
  Assets:US:BofA:Checking                          -57.50 USD
  Expenses:Home:Phone                               57.50 USD

2019-09-22 * "Wine-Tarner Cable" ""
  Assets:US:BofA:Checking                          -80.02 USD
  Expenses:Home:Internet                            80.02 USD

2019-09-28 balance Assets:US:BofA:Checking        3272.25 USD

2019-10-04 * "BANK FEES" "Monthly bank fee"
  Assets:US:BofA:Checking                           -4.00 USD
  Expenses:Financial:Fees                            4.00 USD

2019-10-06 * "RiverBank Properties" "Paying the rent"
  Assets:US:BofA:Checking                        -2400.00 USD
  Expenses:Home:Rent                              2400.00 USD

2019-10-08 * "EDISON POWER" ""
  Assets:US:BofA:Checking                          -65.00 USD
  Expenses:Home:Electricity                         65.00 USD

2019-10-19 * "Verizon Wireless" ""
  Assets:US:BofA:Checking                          -49.49 USD
  Expenses:Home:Phone                               49.49 USD

2019-10-21 balance Assets:US:BofA:Checking        2733.74 USD

2019-10-22 * "Wine-Tarner Cable" ""
  Assets:US:BofA:Checking                          -79.98 USD
  Expenses:Home:Internet                            79.98 USD

2019-11-04 * "BANK FEES" "Monthly bank fee"
  Assets:US:BofA:Checking                           -4.00 USD
  Expenses:Financial:Fees                            4.00 USD

2019-11-06 * "RiverBank Properties" "Paying the rent"
  Assets:US:BofA:Checking                        -2400.00 USD
  Expenses:Home:Rent                              2400.00 USD

2019-11-08 * "Transfering accumulated savings to other account"
  Assets:US:BofA:Checking                           -3500 USD
  Assets:US:ETrade:Cash                              3500 USD

2019-11-09 * "EDISON POWER" ""
  Assets:US:BofA:Checking                          -65.00 USD
  Expenses:Home:Electricity                         65.00 USD

2019-11-14 balance Assets:US:BofA:Checking         972.40 USD

2019-11-20 * "Verizon Wireless" ""
  Assets:US:BofA:Checking                          -72.63 USD
  Expenses:Home:Phone                               72.63 USD

2019-11-22 * "Wine-Tarner Cable" ""
  Assets:US:BofA:Checking                          -80.23 USD
  Expenses:Home:Internet                            80.23 USD

2019-12-04 * "BANK FEES" "Monthly bank fee"
  Assets:US:BofA:Checking                           -4.00 USD
  Expenses:Financial:Fees                            4.00 USD

2019-12-06 * "RiverBank Properties" "Paying the rent"
  Assets:US:BofA:Checking                        -2400.00 USD
  Expenses:Home:Rent                              2400.00 USD

2019-12-07 balance Assets:US:BofA:Checking        3555.20 USD

2019-12-08 * "EDISON POWER" ""
  Assets:US:BofA:Checking                          -65.00 USD
  Expenses:Home:Electricity                         65.00 USD

2019-12-19 * "Verizon Wireless" ""
  Assets:US:BofA:Checking                          -71.08 USD
  Expenses:Home:Phone                               71.08 USD

2019-12-21 * "Wine-Tarner Cable" ""
  Assets:US:BofA:Checking                          -80.00 USD
  Expenses:Home:Internet                            80.00 USD

2019-12-28 balance Assets:US:BofA:Checking        5509.71 USD

2020-01-04 * "BANK FEES" "Monthly bank fee"
  Assets:US:BofA:Checking                           -4.00 USD
  Expenses:Financial:Fees                            4.00 USD

2020-01-06 * "RiverBank Properties" "Paying the rent"
  Assets:US:BofA:Checking                        -2400.00 USD
  Expenses:Home:Rent                              2400.00 USD

2020-01-09 * "EDISON POWER" ""
  Assets:US:BofA:Checking                          -65.00 USD
  Expenses:Home:Electricity                         65.00 USD

2020-01-19 * "Verizon Wireless" ""
  Assets:US:BofA:Checking                          -59.50 USD
  Expenses:Home:Phone                               59.50 USD

2020-01-21 balance Assets:US:BofA:Checking        4954.57 USD

2020-01-22 * "Wine-Tarner Cable" ""
  Assets:US:BofA:Checking                          -79.89 USD
  Expenses:Home:Internet                            79.89 USD

2020-02-04 * "BANK FEES" "Monthly bank fee"
  Assets:US:BofA:Checking                           -4.00 USD
  Expenses:Financial:Fees                            4.00 USD

2020-02-04 * "RiverBank Properties" "Paying the rent"
  Assets:US:BofA:Checking                        -2400.00 USD
  Expenses:Home:Rent                              2400.00 USD

2020-02-09 * "EDISON POWER" ""
  Assets:US:BofA:Checking                          -65.00 USD
  Expenses:Home:Electricity                         65.00 USD

2020-02-16 balance Assets:US:BofA:Checking        4438.18 USD

2020-02-19 * "Verizon Wireless" ""
  Assets:US:BofA:Checking                          -63.09 USD
  Expenses:Home:Phone                               63.09 USD

2020-02-21 * "Wine-Tarner Cable" ""
  Assets:US:BofA:Checking                          -79.93 USD
  Expenses:Home:Internet                            79.93 USD

2020-03-04 * "BANK FEES" "Monthly bank fee"
  Assets:US:BofA:Checking                           -4.00 USD
  Expenses:Financial:Fees                            4.00 USD

2020-03-06 * "RiverBank Properties" "Paying the rent"
  Assets:US:BofA:Checking                        -2400.00 USD
  Expenses:Home:Rent                              2400.00 USD

2020-03-07 balance Assets:US:BofA:Checking        3241.76 USD

2020-03-09 * "EDISON POWER" ""
  Assets:US:BofA:Checking                          -65.00 USD
  Expenses:Home:Electricity                         65.00 USD

2020-03-20 * "Verizon Wireless" ""
  Assets:US:BofA:Checking                          -62.43 USD
  Expenses:Home:Phone                               62.43 USD

2020-03-22 * "Wine-Tarner Cable" ""
  Assets:US:BofA:Checking                          -80.06 USD
  Expenses:Home:Internet                            80.06 USD

2020-03-28 balance Assets:US:BofA:Checking        4116.68 USD

2020-04-04 * "BANK FEES" "Monthly bank fee"
  Assets:US:BofA:Checking                           -4.00 USD
  Expenses:Financial:Fees                            4.00 USD

2020-04-04 * "RiverBank Properties" "Paying the rent"
  Assets:US:BofA:Checking                        -2400.00 USD
  Expenses:Home:Rent                              2400.00 USD

2020-04-09 * "EDISON POWER" ""
  Assets:US:BofA:Checking                          -65.00 USD
  Expenses:Home:Electricity                         65.00 USD

2020-04-19 * "Verizon Wireless" ""
  Assets:US:BofA:Checking                          -62.95 USD
  Expenses:Home:Phone                               62.95 USD

2020-04-22 * "Wine-Tarner Cable" ""
  Assets:US:BofA:Checking                          -80.08 USD
  Expenses:Home:Internet                            80.08 USD

2020-04-26 balance Assets:US:BofA:Checking        3466.19 USD

2020-05-04 * "BANK FEES" "Monthly bank fee"
  Assets:US:BofA:Checking                           -4.00 USD
  Expenses:Financial:Fees                            4.00 USD

2020-05-05 * "RiverBank Properties" "Paying the rent"
  Assets:US:BofA:Checking                        -2400.00 USD
  Expenses:Home:Rent                              2400.00 USD

2020-05-08 * "EDISON POWER" ""
  Assets:US:BofA:Checking                          -65.00 USD
  Expenses:Home:Electricity                         65.00 USD

2020-05-19 balance Assets:US:BofA:Checking        1526.71 USD

2020-05-19 * "Verizon Wireless" ""
  Assets:US:BofA:Checking                          -69.09 USD
  Expenses:Home:Phone                               69.09 USD

2020-05-21 * "Wine-Tarner Cable" ""
  Assets:US:BofA:Checking                          -79.88 USD
  Expenses:Home:Internet                            79.88 USD

2020-06-04 * "BANK FEES" "Monthly bank fee"
  Assets:US:BofA:Checking                           -4.00 USD
  Expenses:Financial:Fees                            4.00 USD

2020-06-04 * "RiverBank Properties" "Paying the rent"
  Assets:US:BofA:Checking                        -2400.00 USD
  Expenses:Home:Rent                              2400.00 USD

2020-06-09 * "EDISON POWER" ""
  Assets:US:BofA:Checking                          -65.00 USD
  Expenses:Home:Electricity                         65.00 USD

2020-06-18 balance Assets:US:BofA:Checking         975.20 USD

2020-06-20 * "Verizon Wireless" ""
  Assets:US:BofA:Checking                          -52.51 USD
  Expenses:Home:Phone                               52.51 USD

2020-06-23 * "Wine-Tarner Cable" ""
  Assets:US:BofA:Checking                          -79.90 USD
  Expenses:Home:Internet                            79.90 USD

2020-07-04 * "BANK FEES" "Monthly bank fee"
  Assets:US:BofA:Checking                           -4.00 USD
  Expenses:Financial:Fees                            4.00 USD

2020-07-06 * "RiverBank Properties" "Paying the rent"
  Assets:US:BofA:Checking                        -2400.00 USD
  Expenses:Home:Rent                              2400.00 USD

2020-07-08 * "EDISON POWER" ""
  Assets:US:BofA:Checking                          -65.00 USD
  Expenses:Home:Electricity                         65.00 USD

2020-07-14 balance Assets:US:BofA:Checking         418.36 USD

2020-07-19 * "Verizon Wireless" ""
  Assets:US:BofA:Checking                          -57.77 USD
  Expenses:Home:Phone                               57.77 USD

2020-07-21 * "Wine-Tarner Cable" ""
  Assets:US:BofA:Checking                          -79.83 USD
  Expenses:Home:Internet                            79.83 USD

2020-08-03 * "RiverBank Properties" "Paying the rent"
  Assets:US:BofA:Checking                        -2400.00 USD
  Expenses:Home:Rent                              2400.00 USD

2020-08-04 * "BANK FEES" "Monthly bank fee"
  Assets:US:BofA:Checking                           -4.00 USD
  Expenses:Financial:Fees                            4.00 USD

2020-08-06 balance Assets:US:BofA:Checking        1277.96 USD

2020-08-08 * "EDISON POWER" ""
  Assets:US:BofA:Checking                          -65.00 USD
  Expenses:Home:Electricity                         65.00 USD

2020-08-14 * "Transfering accumulated savings to other account"
  Assets:US:BofA:Checking                           -3000 USD
  Assets:US:ETrade:Cash                              3000 USD

2020-08-18 * "Verizon Wireless" ""
  Assets:US:BofA:Checking                          -52.39 USD
  Expenses:Home:Phone                               52.39 USD

2020-08-21 * "Wine-Tarner Cable" ""
  Assets:US:BofA:Checking                          -79.94 USD
  Expenses:Home:Internet                            79.94 USD

2020-08-31 balance Assets:US:BofA:Checking        2921.50 USD

2020-09-04 * "BANK FEES" "Monthly bank fee"
  Assets:US:BofA:Checking                           -4.00 USD
  Expenses:Financial:Fees                            4.00 USD

2020-09-06 * "RiverBank Properties" "Paying the rent"
  Assets:US:BofA:Checking                        -2400.00 USD
  Expenses:Home:Rent                              2400.00 USD

2020-09-08 * "EDISON POWER" ""
  Assets:US:BofA:Checking                          -65.00 USD
  Expenses:Home:Electricity                         65.00 USD

2020-09-19 * "Verizon Wireless" ""
  Assets:US:BofA:Checking                          -75.06 USD
  Expenses:Home:Phone                               75.06 USD

2020-09-21 * "Wine-Tarner Cable" ""
  Assets:US:BofA:Checking                          -80.05 USD
  Expenses:Home:Internet                            80.05 USD

2020-09-26 balance Assets:US:BofA:Checking        4605.11 USD

2020-10-04 * "BANK FEES" "Monthly bank fee"
  Assets:US:BofA:Checking                           -4.00 USD
  Expenses:Financial:Fees                            4.00 USD

2020-10-05 * "RiverBank Properties" "Paying the rent"
  Assets:US:BofA:Checking                        -2400.00 USD
  Expenses:Home:Rent                              2400.00 USD

2020-10-08 * "EDISON POWER" ""
  Assets:US:BofA:Checking                          -65.00 USD
  Expenses:Home:Electricity                         65.00 USD

2020-10-09 * "Transfering accumulated savings to other account"
  Assets:US:BofA:Checking                           -3500 USD
  Assets:US:ETrade:Cash                              3500 USD

2020-10-16 balance Assets:US:BofA:Checking         529.98 USD

2020-10-20 * "Verizon Wireless" ""
  Assets:US:BofA:Checking                          -74.90 USD
  Expenses:Home:Phone                               74.90 USD

2020-10-22 * "Wine-Tarner Cable" ""
  Assets:US:BofA:Checking                          -79.99 USD
  Expenses:Home:Internet                            79.99 USD

2020-11-04 * "BANK FEES" "Monthly bank fee"
  Assets:US:BofA:Checking                           -4.00 USD
  Expenses:Financial:Fees                            4.00 USD

2020-11-05 * "RiverBank Properties" "Paying the rent"
  Assets:US:BofA:Checking                        -2400.00 USD
  Expenses:Home:Rent                              2400.00 USD

2020-11-08 balance Assets:US:BofA:Checking        3072.29 USD

2020-11-09 * "EDISON POWER" ""
  Assets:US:BofA:Checking                          -65.00 USD
  Expenses:Home:Electricity                         65.00 USD

2020-11-20 * "Verizon Wireless" ""
  Assets:US:BofA:Checking                          -69.74 USD
  Expenses:Home:Phone                               69.74 USD

2020-11-20 * "Transfering accumulated savings to other account"
  Assets:US:BofA:Checking                           -4500 USD
  Assets:US:ETrade:Cash                              4500 USD

2020-11-22 * "Wine-Tarner Cable" ""
  Assets:US:BofA:Checking                          -79.93 USD
  Expenses:Home:Internet                            79.93 USD

2020-11-29 balance Assets:US:BofA:Checking         300.53 USD

2020-12-04 * "BANK FEES" "Monthly bank fee"
  Assets:US:BofA:Checking                           -4.00 USD
  Expenses:Financial:Fees                            4.00 USD

2020-12-18 * "Transfering accumulated savings to other account"
  Assets:US:BofA:Checking                           -5500 USD
  Assets:US:ETrade:Cash                              5500 USD

2020-12-24 balance Assets:US:BofA:Checking         217.73 USD



* Credit-Cards

1980-05-12 open Liabilities:US:Chase:Slate                      USD

2018-01-06 * "Chichipotle" "Eating out with Julie"
  Liabilities:US:Chase:Slate                       -28.19 USD
  Expenses:Food:Restaurant                          28.19 USD

2018-01-11 * "Uncle Boons" "Eating out with work buddies"
  Liabilities:US:Chase:Slate                       -22.44 USD
  Expenses:Food:Restaurant                          22.44 USD

2018-01-11 * "Farmer Fresh" "Buying groceries"
  Liabilities:US:Chase:Slate                       -65.67 USD
  Expenses:Food:Groceries                           65.67 USD

2018-01-11 * "Chase:Slate" "Paying off credit card"
  Liabilities:US:Chase:Slate                        50.63 USD
  Assets:US:BofA:Checking                          -50.63 USD

2018-01-12 * "Rose Flower" "Eating out "
  Liabilities:US:Chase:Slate                       -34.64 USD
  Expenses:Food:Restaurant                          34.64 USD

2018-01-16 * "Chichipotle" "Eating out with Bill"
  Liabilities:US:Chase:Slate                       -27.23 USD
  Expenses:Food:Restaurant                          27.23 USD

2018-01-19 * "Rose Flower" "Eating out "
  Liabilities:US:Chase:Slate                       -25.08 USD
  Expenses:Food:Restaurant                          25.08 USD

2018-01-20 * "Chichipotle" "Eating out with Julie"
  Liabilities:US:Chase:Slate                       -50.01 USD
  Expenses:Food:Restaurant                          50.01 USD

2018-01-22 * "Good Moods Market" "Buying groceries"
  Liabilities:US:Chase:Slate                       -78.11 USD
  Expenses:Food:Groceries                           78.11 USD

2018-01-23 * "Uncle Boons" "Eating out with Bill"
  Liabilities:US:Chase:Slate                       -38.96 USD
  Expenses:Food:Restaurant                          38.96 USD

2018-01-26 * "Kin Soy" "Eating out with Joe"
  Liabilities:US:Chase:Slate                       -22.68 USD
  Expenses:Food:Restaurant                          22.68 USD

2018-01-29 balance Liabilities:US:Chase:Slate     -342.38 USD

2018-01-30 * "Rose Flower" "Eating out with Joe"
  Liabilities:US:Chase:Slate                       -46.02 USD
  Expenses:Food:Restaurant                          46.02 USD

2018-01-31 * "Metro Transport Authority" "Tram tickets"
  Liabilities:US:Chase:Slate                      -120.00 USD
  Expenses:Transport:Tram                          120.00 USD

2018-02-01 * "Good Moods Market" "Buying groceries"
  Liabilities:US:Chase:Slate                       -92.34 USD
  Expenses:Food:Groceries                           92.34 USD

2018-02-03 * "Chichipotle" "Eating out alone"
  Liabilities:US:Chase:Slate                       -19.68 USD
  Expenses:Food:Restaurant                          19.68 USD

2018-02-07 * "Farmer Fresh" "Buying groceries"
  Liabilities:US:Chase:Slate                       -76.65 USD
  Expenses:Food:Groceries                           76.65 USD

2018-02-08 * "Kin Soy" "Eating out with Natasha"
  Liabilities:US:Chase:Slate                       -42.99 USD
  Expenses:Food:Restaurant                          42.99 USD

2018-02-11 * "Chase:Slate" "Paying off credit card"
  Liabilities:US:Chase:Slate                       759.60 USD
  Assets:US:BofA:Checking                         -759.60 USD

2018-02-12 * "Cafe Modagor" "Eating out with Julie"
  Liabilities:US:Chase:Slate                       -19.54 USD
  Expenses:Food:Restaurant                          19.54 USD

2018-02-13 * "Rose Flower" "Eating out with work buddies"
  Liabilities:US:Chase:Slate                       -44.86 USD
  Expenses:Food:Restaurant                          44.86 USD

2018-02-17 * "Farmer Fresh" "Buying groceries"
  Liabilities:US:Chase:Slate                       -89.02 USD
  Expenses:Food:Groceries                           89.02 USD

2018-02-18 * "Goba Goba" "Eating out with work buddies"
  Liabilities:US:Chase:Slate                       -67.97 USD
  Expenses:Food:Restaurant                          67.97 USD

2018-02-19 balance Liabilities:US:Chase:Slate     -201.85 USD

2018-02-22 * "Goba Goba" "Eating out with Natasha"
  Liabilities:US:Chase:Slate                       -45.58 USD
  Expenses:Food:Restaurant                          45.58 USD

2018-02-27 * "Chichipotle" "Eating out with Bill"
  Liabilities:US:Chase:Slate                       -38.94 USD
  Expenses:Food:Restaurant                          38.94 USD

2018-02-28 * "Onion Market" "Buying groceries"
  Liabilities:US:Chase:Slate                       -75.05 USD
  Expenses:Food:Groceries                           75.05 USD

2018-03-01 * "Goba Goba" "Eating out alone"
  Liabilities:US:Chase:Slate                       -52.72 USD
  Expenses:Food:Restaurant                          52.72 USD

2018-03-01 * "Metro Transport Authority" "Tram tickets"
  Liabilities:US:Chase:Slate                      -120.00 USD
  Expenses:Transport:Tram                          120.00 USD

2018-03-06 * "Chichipotle" "Eating out with work buddies"
  Liabilities:US:Chase:Slate                       -39.75 USD
  Expenses:Food:Restaurant                          39.75 USD

2018-03-11 * "Rose Flower" "Eating out with Natasha"
  Liabilities:US:Chase:Slate                       -47.85 USD
  Expenses:Food:Restaurant                          47.85 USD

2018-03-11 * "Chase:Slate" "Paying off credit card"
  Liabilities:US:Chase:Slate                       621.74 USD
  Assets:US:BofA:Checking                         -621.74 USD

2018-03-12 * "Jewel of Morroco" "Eating out with Julie"
  Liabilities:US:Chase:Slate                       -17.10 USD
  Expenses:Food:Restaurant                          17.10 USD

2018-03-15 * "Uncle Boons" "Eating out "
  Liabilities:US:Chase:Slate                       -40.74 USD
  Expenses:Food:Restaurant                          40.74 USD

2018-03-15 * "Good Moods Market" "Buying groceries"
  Liabilities:US:Chase:Slate                       -52.97 USD
  Expenses:Food:Groceries                           52.97 USD

2018-03-17 balance Liabilities:US:Chase:Slate     -110.81 USD

2018-03-18 * "Kin Soy" "Eating out with Joe"
  Liabilities:US:Chase:Slate                       -14.80 USD
  Expenses:Food:Restaurant                          14.80 USD

2018-03-19 * "Chichipotle" "Eating out with Julie"
  Liabilities:US:Chase:Slate                       -34.56 USD
  Expenses:Food:Restaurant                          34.56 USD

2018-03-22 * "Chichipotle" "Eating out after work"
  Liabilities:US:Chase:Slate                       -29.99 USD
  Expenses:Food:Restaurant                          29.99 USD

2018-03-25 * "Kin Soy" "Eating out after work"
  Liabilities:US:Chase:Slate                       -31.79 USD
  Expenses:Food:Restaurant                          31.79 USD

2018-03-26 * "Cafe Modagor" "Eating out with Bill"
  Liabilities:US:Chase:Slate                       -34.32 USD
  Expenses:Food:Restaurant                          34.32 USD

2018-03-29 * "Onion Market" "Buying groceries"
  Liabilities:US:Chase:Slate                       -53.16 USD
  Expenses:Food:Groceries                           53.16 USD

2018-03-29 * "Metro Transport Authority" "Tram tickets"
  Liabilities:US:Chase:Slate                      -120.00 USD
  Expenses:Transport:Tram                          120.00 USD

2018-03-30 * "China Garden" "Eating out after work"
  Liabilities:US:Chase:Slate                       -29.75 USD
  Expenses:Food:Restaurant                          29.75 USD

2018-04-03 * "Chichipotle" "Eating out with work buddies"
  Liabilities:US:Chase:Slate                       -14.91 USD
  Expenses:Food:Restaurant                          14.91 USD

2018-04-03 * "Corner Deli" "Buying groceries"
  Liabilities:US:Chase:Slate                       -74.46 USD
  Expenses:Food:Groceries                           74.46 USD

2018-04-08 * "Goba Goba" "Eating out with Joe"
  Liabilities:US:Chase:Slate                       -39.21 USD
  Expenses:Food:Restaurant                          39.21 USD

2018-04-11 * "China Garden" "Eating out with Julie"
  Liabilities:US:Chase:Slate                       -59.93 USD
  Expenses:Food:Restaurant                          59.93 USD

2018-04-11 * "Chase:Slate" "Paying off credit card"
  Liabilities:US:Chase:Slate                       647.69 USD
  Assets:US:BofA:Checking                         -647.69 USD

2018-04-12 balance Liabilities:US:Chase:Slate           0 USD

2018-04-14 * "Good Moods Market" "Buying groceries"
  Liabilities:US:Chase:Slate                       -57.13 USD
  Expenses:Food:Groceries                           57.13 USD

2018-04-15 * "Uncle Boons" "Eating out with Julie"
  Liabilities:US:Chase:Slate                       -28.15 USD
  Expenses:Food:Restaurant                          28.15 USD

2018-04-17 * "Kin Soy" "Eating out with Natasha"
  Liabilities:US:Chase:Slate                       -32.63 USD
  Expenses:Food:Restaurant                          32.63 USD

2018-04-19 * "Chichipotle" "Eating out "
  Liabilities:US:Chase:Slate                       -22.22 USD
  Expenses:Food:Restaurant                          22.22 USD

2018-04-21 * "Goba Goba" "Eating out with Julie"
  Liabilities:US:Chase:Slate                       -34.92 USD
  Expenses:Food:Restaurant                          34.92 USD

2018-04-26 * "Goba Goba" "Eating out alone"
  Liabilities:US:Chase:Slate                       -65.03 USD
  Expenses:Food:Restaurant                          65.03 USD

2018-04-27 * "Metro Transport Authority" "Tram tickets"
  Liabilities:US:Chase:Slate                      -120.00 USD
  Expenses:Transport:Tram                          120.00 USD

2018-04-30 * "Jewel of Morroco" "Eating out "
  Liabilities:US:Chase:Slate                       -34.39 USD
  Expenses:Food:Restaurant                          34.39 USD

2018-05-02 * "Rose Flower" "Eating out with Joe"
  Liabilities:US:Chase:Slate                       -36.19 USD
  Expenses:Food:Restaurant                          36.19 USD

2018-05-02 * "Onion Market" "Buying groceries"
  Liabilities:US:Chase:Slate                      -102.27 USD
  Expenses:Food:Groceries                          102.27 USD

2018-05-05 * "Chichipotle" "Eating out after work"
  Liabilities:US:Chase:Slate                       -29.13 USD
  Expenses:Food:Restaurant                          29.13 USD

2018-05-07 * "Chase:Slate" "Paying off credit card"
  Liabilities:US:Chase:Slate                       593.45 USD
  Assets:US:BofA:Checking                         -593.45 USD

2018-05-09 balance Liabilities:US:Chase:Slate       31.39 USD

2018-05-09 * "Jewel of Morroco" "Eating out "
  Liabilities:US:Chase:Slate                       -31.39 USD
  Expenses:Food:Restaurant                          31.39 USD

2018-05-10 * "Goba Goba" "Eating out "
  Liabilities:US:Chase:Slate                       -34.15 USD
  Expenses:Food:Restaurant                          34.15 USD

2018-05-14 * "Jewel of Morroco" "Eating out with Natasha"
  Liabilities:US:Chase:Slate                       -41.49 USD
  Expenses:Food:Restaurant                          41.49 USD

2018-05-14 * "Good Moods Market" "Buying groceries"
  Liabilities:US:Chase:Slate                       -54.06 USD
  Expenses:Food:Groceries                           54.06 USD

2018-05-18 * "Goba Goba" "Eating out after work"
  Liabilities:US:Chase:Slate                       -24.88 USD
  Expenses:Food:Restaurant                          24.88 USD

2018-05-20 * "Kin Soy" "Eating out with Bill"
  Liabilities:US:Chase:Slate                       -36.26 USD
  Expenses:Food:Restaurant                          36.26 USD

2018-05-20 * "Corner Deli" "Buying groceries"
  Liabilities:US:Chase:Slate                       -77.37 USD
  Expenses:Food:Groceries                           77.37 USD

2018-05-23 * "Uncle Boons" "Eating out with Julie"
  Liabilities:US:Chase:Slate                       -31.44 USD
  Expenses:Food:Restaurant                          31.44 USD

2018-05-25 * "Chichipotle" "Eating out after work"
  Liabilities:US:Chase:Slate                       -23.92 USD
  Expenses:Food:Restaurant                          23.92 USD

2018-05-26 * "Metro Transport Authority" "Tram tickets"
  Liabilities:US:Chase:Slate                      -120.00 USD
  Expenses:Transport:Tram                          120.00 USD

2018-05-27 * "Onion Market" "Buying groceries"
  Liabilities:US:Chase:Slate                       -43.71 USD
  Expenses:Food:Groceries                           43.71 USD

2018-05-28 * "Kin Soy" "Eating out with Bill"
  Liabilities:US:Chase:Slate                       -41.58 USD
  Expenses:Food:Restaurant                          41.58 USD

2018-05-29 balance Liabilities:US:Chase:Slate     -528.86 USD

2018-05-31 * "Uncle Boons" "Eating out with Joe"
  Liabilities:US:Chase:Slate                       -32.36 USD
  Expenses:Food:Restaurant                          32.36 USD

2018-06-03 * "Good Moods Market" "Buying groceries"
  Liabilities:US:Chase:Slate                       -76.52 USD
  Expenses:Food:Groceries                           76.52 USD

2018-06-05 * "Goba Goba" "Eating out alone"
  Liabilities:US:Chase:Slate                       -18.81 USD
  Expenses:Food:Restaurant                          18.81 USD

2018-06-09 * "Rose Flower" "Eating out with work buddies"
  Liabilities:US:Chase:Slate                       -33.21 USD
  Expenses:Food:Restaurant                          33.21 USD

2018-06-09 * "Chase:Slate" "Paying off credit card"
  Liabilities:US:Chase:Slate                       689.76 USD
  Assets:US:BofA:Checking                         -689.76 USD

2018-06-13 event "location" "Boston"

2018-06-14 * "Giacomo's Restaurant" "" #trip-boston-2018
  Liabilities:US:Chase:Slate                       -31.16 USD
  Expenses:Food:Restaurant                          31.16 USD

2018-06-14 * "Starbucks" "" #trip-boston-2018
  Liabilities:US:Chase:Slate                        -5.49 USD
  Expenses:Food:Coffee                               5.49 USD

2018-06-15 * "Franklin Cafe" "" #trip-boston-2018
  Liabilities:US:Chase:Slate                       -31.75 USD
  Expenses:Food:Restaurant                          31.75 USD

2018-06-20 * "Franklin Cafe" "" #trip-boston-2018
  Liabilities:US:Chase:Slate                       -30.37 USD
  Expenses:Food:Restaurant                          30.37 USD

2018-06-21 * "Franklin Cafe" "" #trip-boston-2018
  Liabilities:US:Chase:Slate                       -28.85 USD
  Expenses:Food:Restaurant                          28.85 USD

2018-06-21 * "Consume vacation days"
  Assets:US:Hoogle:Vacation                           -64 VACHR
  Expenses:Vacation                                    64 VACHR

2018-06-21 event "location" "New Metropolis"

2018-06-22 * "Good Moods Market" "Buying groceries"
  Liabilities:US:Chase:Slate                       -73.75 USD
  Expenses:Food:Groceries                           73.75 USD

2018-06-23 * "Chichipotle" "Eating out with Julie"
  Liabilities:US:Chase:Slate                       -27.00 USD
  Expenses:Food:Restaurant                          27.00 USD

2018-06-23 * "Metro Transport Authority" "Tram tickets"
  Liabilities:US:Chase:Slate                      -120.00 USD
  Expenses:Transport:Tram                          120.00 USD

2018-06-25 * "Uncle Boons" "Eating out "
  Liabilities:US:Chase:Slate                       -27.24 USD
  Expenses:Food:Restaurant                          27.24 USD

2018-06-26 balance Liabilities:US:Chase:Slate     -375.61 USD

2018-06-30 * "Kin Soy" "Eating out with Natasha"
  Liabilities:US:Chase:Slate                       -25.67 USD
  Expenses:Food:Restaurant                          25.67 USD

2018-07-03 * "Uncle Boons" "Eating out with Bill"
  Liabilities:US:Chase:Slate                       -34.98 USD
  Expenses:Food:Restaurant                          34.98 USD

2018-07-08 * "Kin Soy" "Eating out with Natasha"
  Liabilities:US:Chase:Slate                       -21.59 USD
  Expenses:Food:Restaurant                          21.59 USD

2018-07-08 * "Good Moods Market" "Buying groceries"
  Liabilities:US:Chase:Slate                      -109.65 USD
  Expenses:Food:Groceries                          109.65 USD

2018-07-09 * "Goba Goba" "Eating out with Julie"
  Liabilities:US:Chase:Slate                       -27.47 USD
  Expenses:Food:Restaurant                          27.47 USD

2018-07-09 * "Chase:Slate" "Paying off credit card"
  Liabilities:US:Chase:Slate                       467.35 USD
  Assets:US:BofA:Checking                         -467.35 USD

2018-07-11 * "Chichipotle" "Eating out after work"
  Liabilities:US:Chase:Slate                       -16.91 USD
  Expenses:Food:Restaurant                          16.91 USD

2018-07-13 * "Chichipotle" "Eating out "
  Liabilities:US:Chase:Slate                       -56.43 USD
  Expenses:Food:Restaurant                          56.43 USD

2018-07-15 * "Farmer Fresh" "Buying groceries"
  Liabilities:US:Chase:Slate                       -90.65 USD
  Expenses:Food:Groceries                           90.65 USD

2018-07-16 * "Uncle Boons" "Eating out with Julie"
  Liabilities:US:Chase:Slate                       -25.74 USD
  Expenses:Food:Restaurant                          25.74 USD

2018-07-20 balance Liabilities:US:Chase:Slate     -317.35 USD

2018-07-20 * "China Garden" "Eating out with Natasha"
  Liabilities:US:Chase:Slate                       -98.27 USD
  Expenses:Food:Restaurant                          98.27 USD

2018-07-21 * "Uncle Boons" "Eating out with Natasha"
  Liabilities:US:Chase:Slate                       -58.88 USD
  Expenses:Food:Restaurant                          58.88 USD

2018-07-23 * "Rose Flower" "Eating out with Joe"
  Liabilities:US:Chase:Slate                       -29.10 USD
  Expenses:Food:Restaurant                          29.10 USD

2018-07-25 * "Metro Transport Authority" "Tram tickets"
  Liabilities:US:Chase:Slate                      -120.00 USD
  Expenses:Transport:Tram                          120.00 USD

2018-07-26 * "Rose Flower" "Eating out after work"
  Liabilities:US:Chase:Slate                       -18.25 USD
  Expenses:Food:Restaurant                          18.25 USD

2018-07-28 * "China Garden" "Eating out alone"
  Liabilities:US:Chase:Slate                       -20.91 USD
  Expenses:Food:Restaurant                          20.91 USD

2018-07-29 * "Kin Soy" "Eating out alone"
  Liabilities:US:Chase:Slate                       -34.92 USD
  Expenses:Food:Restaurant                          34.92 USD

2018-07-31 * "Onion Market" "Buying groceries"
  Liabilities:US:Chase:Slate                       -93.56 USD
  Expenses:Food:Groceries                           93.56 USD

2018-08-01 * "China Garden" "Eating out with Bill"
  Liabilities:US:Chase:Slate                       -49.73 USD
  Expenses:Food:Restaurant                          49.73 USD

2018-08-06 * "Kin Soy" "Eating out after work"
  Liabilities:US:Chase:Slate                       -39.57 USD
  Expenses:Food:Restaurant                          39.57 USD

2018-08-07 * "Cafe Modagor" "Eating out after work"
  Liabilities:US:Chase:Slate                       -13.28 USD
  Expenses:Food:Restaurant                          13.28 USD

2018-08-07 * "Chase:Slate" "Paying off credit card"
  Liabilities:US:Chase:Slate                       766.20 USD
  Assets:US:BofA:Checking                         -766.20 USD

2018-08-08 * "Chichipotle" "Eating out with Natasha"
  Liabilities:US:Chase:Slate                       -29.99 USD
  Expenses:Food:Restaurant                          29.99 USD

2018-08-11 * "Rose Flower" "Eating out with Joe"
  Liabilities:US:Chase:Slate                       -24.13 USD
  Expenses:Food:Restaurant                          24.13 USD

2018-08-12 * "Good Moods Market" "Buying groceries"
  Liabilities:US:Chase:Slate                       -96.66 USD
  Expenses:Food:Groceries                           96.66 USD

2018-08-15 * "Jewel of Morroco" "Eating out with Julie"
  Liabilities:US:Chase:Slate                       -26.53 USD
  Expenses:Food:Restaurant                          26.53 USD

2018-08-17 balance Liabilities:US:Chase:Slate     -304.93 USD

2018-08-17 * "China Garden" "Eating out after work"
  Liabilities:US:Chase:Slate                       -19.52 USD
  Expenses:Food:Restaurant                          19.52 USD

2018-08-17 * "Good Moods Market" "Buying groceries"
  Liabilities:US:Chase:Slate                       -67.21 USD
  Expenses:Food:Groceries                           67.21 USD

2018-08-20 * "Rose Flower" "Eating out with work buddies"
  Liabilities:US:Chase:Slate                       -30.02 USD
  Expenses:Food:Restaurant                          30.02 USD

2018-08-23 * "Goba Goba" "Eating out alone"
  Liabilities:US:Chase:Slate                       -43.29 USD
  Expenses:Food:Restaurant                          43.29 USD

2018-08-25 * "Chichipotle" "Eating out with Julie"
  Liabilities:US:Chase:Slate                       -28.71 USD
  Expenses:Food:Restaurant                          28.71 USD

2018-08-25 * "Metro Transport Authority" "Tram tickets"
  Liabilities:US:Chase:Slate                      -120.00 USD
  Expenses:Transport:Tram                          120.00 USD

2018-08-28 * "Uncle Boons" "Eating out with Joe"
  Liabilities:US:Chase:Slate                       -23.64 USD
  Expenses:Food:Restaurant                          23.64 USD

2018-09-01 * "Chichipotle" "Eating out alone"
  Liabilities:US:Chase:Slate                       -34.32 USD
  Expenses:Food:Restaurant                          34.32 USD

2018-09-03 * "Onion Market" "Buying groceries"
  Liabilities:US:Chase:Slate                       -99.04 USD
  Expenses:Food:Groceries                           99.04 USD

2018-09-05 * "Goba Goba" "Eating out alone"
  Liabilities:US:Chase:Slate                       -35.78 USD
  Expenses:Food:Restaurant                          35.78 USD

2018-09-08 * "Chase:Slate" "Paying off credit card"
  Liabilities:US:Chase:Slate                       705.91 USD
  Assets:US:BofA:Checking                         -705.91 USD

2018-09-10 * "Goba Goba" "Eating out with work buddies"
  Liabilities:US:Chase:Slate                       -27.07 USD
  Expenses:Food:Restaurant                          27.07 USD

2018-09-12 balance Liabilities:US:Chase:Slate     -127.62 USD

2018-09-13 * "China Garden" "Eating out with Julie"
  Liabilities:US:Chase:Slate                       -80.21 USD
  Expenses:Food:Restaurant                          80.21 USD

2018-09-15 * "China Garden" "Eating out with Joe"
  Liabilities:US:Chase:Slate                       -53.04 USD
  Expenses:Food:Restaurant                          53.04 USD

2018-09-20 * "Jewel of Morroco" "Eating out "
  Liabilities:US:Chase:Slate                       -26.07 USD
  Expenses:Food:Restaurant                          26.07 USD

2018-09-20 * "Good Moods Market" "Buying groceries"
  Liabilities:US:Chase:Slate                       -59.53 USD
  Expenses:Food:Groceries                           59.53 USD

2018-09-22 * "Goba Goba" "Eating out with Bill"
  Liabilities:US:Chase:Slate                       -29.60 USD
  Expenses:Food:Restaurant                          29.60 USD

2018-09-23 * "Metro Transport Authority" "Tram tickets"
  Liabilities:US:Chase:Slate                      -120.00 USD
  Expenses:Transport:Tram                          120.00 USD

2018-09-27 * "Kin Soy" "Eating out with work buddies"
  Liabilities:US:Chase:Slate                       -28.89 USD
  Expenses:Food:Restaurant                          28.89 USD

2018-09-28 * "Rose Flower" "Eating out "
  Liabilities:US:Chase:Slate                       -20.41 USD
  Expenses:Food:Restaurant                          20.41 USD

2018-09-29 * "Goba Goba" "Eating out with Julie"
  Liabilities:US:Chase:Slate                       -32.67 USD
  Expenses:Food:Restaurant                          32.67 USD

2018-10-01 * "Jewel of Morroco" "Eating out with Natasha"
  Liabilities:US:Chase:Slate                       -23.55 USD
  Expenses:Food:Restaurant                          23.55 USD

2018-10-05 balance Liabilities:US:Chase:Slate     -601.59 USD

2018-10-06 * "China Garden" "Eating out alone"
  Liabilities:US:Chase:Slate                       -20.22 USD
  Expenses:Food:Restaurant                          20.22 USD

2018-10-07 * "Uncle Boons" "Eating out with Joe"
  Liabilities:US:Chase:Slate                       -26.00 USD
  Expenses:Food:Restaurant                          26.00 USD

2018-10-07 * "Good Moods Market" "Buying groceries"
  Liabilities:US:Chase:Slate                       -79.15 USD
  Expenses:Food:Groceries                           79.15 USD

2018-10-08 * "Chase:Slate" "Paying off credit card"
  Liabilities:US:Chase:Slate                       634.28 USD
  Assets:US:BofA:Checking                         -634.28 USD

2018-10-10 * "Goba Goba" "Eating out with Joe"
  Liabilities:US:Chase:Slate                       -34.94 USD
  Expenses:Food:Restaurant                          34.94 USD

2018-10-12 * "China Garden" "Eating out with Joe"
  Liabilities:US:Chase:Slate                       -26.03 USD
  Expenses:Food:Restaurant                          26.03 USD

2018-10-16 * "China Garden" "Eating out after work"
  Liabilities:US:Chase:Slate                       -29.61 USD
  Expenses:Food:Restaurant                          29.61 USD

2018-10-18 * "China Garden" "Eating out after work"
  Liabilities:US:Chase:Slate                       -60.86 USD
  Expenses:Food:Restaurant                          60.86 USD

2018-10-19 * "Good Moods Market" "Buying groceries"
  Liabilities:US:Chase:Slate                       -66.24 USD
  Expenses:Food:Groceries                           66.24 USD

2018-10-23 * "Jewel of Morroco" "Eating out "
  Liabilities:US:Chase:Slate                       -40.31 USD
  Expenses:Food:Restaurant                          40.31 USD

2018-10-25 * "Metro Transport Authority" "Tram tickets"
  Liabilities:US:Chase:Slate                      -120.00 USD
  Expenses:Transport:Tram                          120.00 USD

2018-10-26 * "Uncle Boons" "Eating out with Joe"
  Liabilities:US:Chase:Slate                       -46.70 USD
  Expenses:Food:Restaurant                          46.70 USD

2018-10-29 * "Kin Soy" "Eating out "
  Liabilities:US:Chase:Slate                       -30.38 USD
  Expenses:Food:Restaurant                          30.38 USD

2018-10-31 balance Liabilities:US:Chase:Slate     -547.75 USD

2018-10-31 * "Jewel of Morroco" "Eating out with Julie"
  Liabilities:US:Chase:Slate                       -43.79 USD
  Expenses:Food:Restaurant                          43.79 USD

2018-11-05 * "Kin Soy" "Eating out "
  Liabilities:US:Chase:Slate                       -32.72 USD
  Expenses:Food:Restaurant                          32.72 USD

2018-11-06 * "Chichipotle" "Eating out with Natasha"
  Liabilities:US:Chase:Slate                       -13.23 USD
  Expenses:Food:Restaurant                          13.23 USD

2018-11-08 * "Corner Deli" "Buying groceries"
  Liabilities:US:Chase:Slate                       -67.32 USD
  Expenses:Food:Groceries                           67.32 USD

2018-11-09 * "Chase:Slate" "Paying off credit card"
  Liabilities:US:Chase:Slate                       614.83 USD
  Assets:US:BofA:Checking                         -614.83 USD

2018-11-11 * "Chichipotle" "Eating out with Julie"
  Liabilities:US:Chase:Slate                       -37.64 USD
  Expenses:Food:Restaurant                          37.64 USD

2018-11-12 * "Uncle Boons" "Eating out with Julie"
  Liabilities:US:Chase:Slate                       -37.01 USD
  Expenses:Food:Restaurant                          37.01 USD

2018-11-13 * "Rose Flower" "Eating out with Joe"
  Liabilities:US:Chase:Slate                       -44.81 USD
  Expenses:Food:Restaurant                          44.81 USD

2018-11-13 * "Farmer Fresh" "Buying groceries"
  Liabilities:US:Chase:Slate                       -71.96 USD
  Expenses:Food:Groceries                           71.96 USD

2018-11-15 * "Kin Soy" "Eating out with Julie"
  Liabilities:US:Chase:Slate                       -35.26 USD
  Expenses:Food:Restaurant                          35.26 USD

2018-11-19 * "Cafe Modagor" "Eating out with work buddies"
  Liabilities:US:Chase:Slate                       -37.61 USD
  Expenses:Food:Restaurant                          37.61 USD

2018-11-21 balance Liabilities:US:Chase:Slate     -354.27 USD

2018-11-21 * "Farmer Fresh" "Buying groceries"
  Liabilities:US:Chase:Slate                       -85.91 USD
  Expenses:Food:Groceries                           85.91 USD

2018-11-24 * "Rose Flower" "Eating out with work buddies"
  Liabilities:US:Chase:Slate                       -50.36 USD
  Expenses:Food:Restaurant                          50.36 USD

2018-11-25 * "Metro Transport Authority" "Tram tickets"
  Liabilities:US:Chase:Slate                      -120.00 USD
  Expenses:Transport:Tram                          120.00 USD

2018-11-27 * "Goba Goba" "Eating out with Bill"
  Liabilities:US:Chase:Slate                       -32.08 USD
  Expenses:Food:Restaurant                          32.08 USD

2018-12-01 * "Cafe Modagor" "Eating out after work"
  Liabilities:US:Chase:Slate                       -21.77 USD
  Expenses:Food:Restaurant                          21.77 USD

2018-12-04 * "Goba Goba" "Eating out after work"
  Liabilities:US:Chase:Slate                       -27.85 USD
  Expenses:Food:Restaurant                          27.85 USD

2018-12-07 * "Cafe Modagor" "Eating out after work"
  Liabilities:US:Chase:Slate                       -16.59 USD
  Expenses:Food:Restaurant                          16.59 USD

2018-12-10 * "Corner Deli" "Buying groceries"
  Liabilities:US:Chase:Slate                       -93.05 USD
  Expenses:Food:Groceries                           93.05 USD

2018-12-10 * "Chase:Slate" "Paying off credit card"
  Liabilities:US:Chase:Slate                       674.26 USD
  Assets:US:BofA:Checking                         -674.26 USD

2018-12-11 * "Kin Soy" "Eating out with Julie"
  Liabilities:US:Chase:Slate                       -18.97 USD
  Expenses:Food:Restaurant                          18.97 USD

2018-12-13 * "Goba Goba" "Eating out with work buddies"
  Liabilities:US:Chase:Slate                       -22.36 USD
  Expenses:Food:Restaurant                          22.36 USD

2018-12-14 * "Rose Flower" "Eating out with Natasha"
  Liabilities:US:Chase:Slate                       -15.62 USD
  Expenses:Food:Restaurant                          15.62 USD

2018-12-17 balance Liabilities:US:Chase:Slate     -184.57 USD

2018-12-18 * "Chichipotle" "Eating out after work"
  Liabilities:US:Chase:Slate                       -20.69 USD
  Expenses:Food:Restaurant                          20.69 USD

2018-12-20 * "Chichipotle" "Eating out with Joe"
  Liabilities:US:Chase:Slate                       -88.96 USD
  Expenses:Food:Restaurant                          88.96 USD

2018-12-23 * "Chichipotle" "Eating out with Julie"
  Liabilities:US:Chase:Slate                       -27.01 USD
  Expenses:Food:Restaurant                          27.01 USD

2018-12-23 * "Metro Transport Authority" "Tram tickets"
  Liabilities:US:Chase:Slate                      -120.00 USD
  Expenses:Transport:Tram                          120.00 USD

2018-12-26 * "Goba Goba" "Eating out "
  Liabilities:US:Chase:Slate                       -33.11 USD
  Expenses:Food:Restaurant                          33.11 USD

2018-12-28 * "Kin Soy" "Eating out after work"
  Liabilities:US:Chase:Slate                       -31.84 USD
  Expenses:Food:Restaurant                          31.84 USD

2018-12-30 * "Good Moods Market" "Buying groceries"
  Liabilities:US:Chase:Slate                       -76.67 USD
  Expenses:Food:Groceries                           76.67 USD

2019-01-01 * "Goba Goba" "Eating out with Julie"
  Liabilities:US:Chase:Slate                       -45.98 USD
  Expenses:Food:Restaurant                          45.98 USD

2019-01-05 * "China Garden" "Eating out with Julie"
  Liabilities:US:Chase:Slate                       -28.38 USD
  Expenses:Food:Restaurant                          28.38 USD

2019-01-07 * "Kin Soy" "Eating out alone"
  Liabilities:US:Chase:Slate                       -21.54 USD
  Expenses:Food:Restaurant                          21.54 USD

2019-01-09 * "Goba Goba" "Eating out with Bill"
  Liabilities:US:Chase:Slate                       -36.19 USD
  Expenses:Food:Restaurant                          36.19 USD

2019-01-09 * "Chase:Slate" "Paying off credit card"
  Liabilities:US:Chase:Slate                       587.32 USD
  Assets:US:BofA:Checking                         -587.32 USD

2019-01-11 balance Liabilities:US:Chase:Slate     -127.62 USD

2019-01-11 * "China Garden" "Eating out with Bill"
  Liabilities:US:Chase:Slate                       -25.54 USD
  Expenses:Food:Restaurant                          25.54 USD

2019-01-12 * "Kin Soy" "Eating out after work"
  Liabilities:US:Chase:Slate                       -35.93 USD
  Expenses:Food:Restaurant                          35.93 USD

2019-01-14 * "Uncle Boons" "Eating out with Julie"
  Liabilities:US:Chase:Slate                       -30.61 USD
  Expenses:Food:Restaurant                          30.61 USD

2019-01-18 * "Corner Deli" "Buying groceries"
  Liabilities:US:Chase:Slate                       -74.64 USD
  Expenses:Food:Groceries                           74.64 USD

2019-01-19 * "Goba Goba" "Eating out with Natasha"
  Liabilities:US:Chase:Slate                       -15.80 USD
  Expenses:Food:Restaurant                          15.80 USD

2019-01-22 * "Chichipotle" "Eating out alone"
  Liabilities:US:Chase:Slate                       -28.47 USD
  Expenses:Food:Restaurant                          28.47 USD

2019-01-23 * "Kin Soy" "Eating out with Joe"
  Liabilities:US:Chase:Slate                       -36.14 USD
  Expenses:Food:Restaurant                          36.14 USD

2019-01-24 * "Chichipotle" "Eating out alone"
  Liabilities:US:Chase:Slate                       -34.94 USD
  Expenses:Food:Restaurant                          34.94 USD

2019-01-24 * "Metro Transport Authority" "Tram tickets"
  Liabilities:US:Chase:Slate                      -120.00 USD
  Expenses:Transport:Tram                          120.00 USD

2019-01-29 * "Uncle Boons" "Eating out with work buddies"
  Liabilities:US:Chase:Slate                       -40.32 USD
  Expenses:Food:Restaurant                          40.32 USD

2019-01-30 * "Uncle Boons" "Eating out with work buddies"
  Liabilities:US:Chase:Slate                       -31.21 USD
  Expenses:Food:Restaurant                          31.21 USD

2019-01-31 balance Liabilities:US:Chase:Slate     -601.22 USD

2019-02-02 * "Rose Flower" "Eating out with Natasha"
  Liabilities:US:Chase:Slate                       -22.61 USD
  Expenses:Food:Restaurant                          22.61 USD

2019-02-05 * "Goba Goba" "Eating out after work"
  Liabilities:US:Chase:Slate                       -32.69 USD
  Expenses:Food:Restaurant                          32.69 USD

2019-02-07 * "Onion Market" "Buying groceries"
  Liabilities:US:Chase:Slate                       -68.35 USD
  Expenses:Food:Groceries                           68.35 USD

2019-02-09 * "Goba Goba" "Eating out with Natasha"
  Liabilities:US:Chase:Slate                       -34.78 USD
  Expenses:Food:Restaurant                          34.78 USD

2019-02-10 * "Chase:Slate" "Paying off credit card"
  Liabilities:US:Chase:Slate                       661.55 USD
  Assets:US:BofA:Checking                         -661.55 USD

2019-02-14 * "Jewel of Morroco" "Eating out "
  Liabilities:US:Chase:Slate                       -29.52 USD
  Expenses:Food:Restaurant                          29.52 USD

2019-02-17 * "Goba Goba" "Eating out alone"
  Liabilities:US:Chase:Slate                       -21.77 USD
  Expenses:Food:Restaurant                          21.77 USD

2019-02-19 * "Good Moods Market" "Buying groceries"
  Liabilities:US:Chase:Slate                       -81.38 USD
  Expenses:Food:Groceries                           81.38 USD

2019-02-21 * "Cafe Modagor" "Eating out after work"
  Liabilities:US:Chase:Slate                       -33.57 USD
  Expenses:Food:Restaurant                          33.57 USD

2019-02-23 balance Liabilities:US:Chase:Slate     -264.34 USD

2019-02-24 * "Metro Transport Authority" "Tram tickets"
  Liabilities:US:Chase:Slate                      -120.00 USD
  Expenses:Transport:Tram                          120.00 USD

2019-02-26 * "Cafe Modagor" "Eating out with work buddies"
  Liabilities:US:Chase:Slate                       -48.19 USD
  Expenses:Food:Restaurant                          48.19 USD

2019-03-01 * "Goba Goba" "Eating out "
  Liabilities:US:Chase:Slate                       -17.19 USD
  Expenses:Food:Restaurant                          17.19 USD

2019-03-03 * "Jewel of Morroco" "Eating out with Julie"
  Liabilities:US:Chase:Slate                       -34.89 USD
  Expenses:Food:Restaurant                          34.89 USD

2019-03-06 * "Corner Deli" "Buying groceries"
  Liabilities:US:Chase:Slate                       -62.79 USD
  Expenses:Food:Groceries                           62.79 USD

2019-03-07 * "Cafe Modagor" "Eating out alone"
  Liabilities:US:Chase:Slate                       -68.07 USD
  Expenses:Food:Restaurant                          68.07 USD

2019-03-07 * "Chase:Slate" "Paying off credit card"
  Liabilities:US:Chase:Slate                       487.85 USD
  Assets:US:BofA:Checking                         -487.85 USD

2019-03-11 * "Cafe Modagor" "Eating out with Joe"
  Liabilities:US:Chase:Slate                       -21.63 USD
  Expenses:Food:Restaurant                          21.63 USD

2019-03-14 * "Uncle Boons" "Eating out after work"
  Liabilities:US:Chase:Slate                       -22.87 USD
  Expenses:Food:Restaurant                          22.87 USD

2019-03-18 * "China Garden" "Eating out with work buddies"
  Liabilities:US:Chase:Slate                       -25.72 USD
  Expenses:Food:Restaurant                          25.72 USD

2019-03-19 balance Liabilities:US:Chase:Slate     -197.84 USD

2019-03-19 * "Goba Goba" "Eating out with Joe"
  Liabilities:US:Chase:Slate                       -23.88 USD
  Expenses:Food:Restaurant                          23.88 USD

2019-03-19 * "Farmer Fresh" "Buying groceries"
  Liabilities:US:Chase:Slate                       -96.90 USD
  Expenses:Food:Groceries                           96.90 USD

2019-03-22 * "China Garden" "Eating out with Julie"
  Liabilities:US:Chase:Slate                       -42.29 USD
  Expenses:Food:Restaurant                          42.29 USD

2019-03-24 * "Farmer Fresh" "Buying groceries"
  Liabilities:US:Chase:Slate                       -96.72 USD
  Expenses:Food:Groceries                           96.72 USD

2019-03-25 * "Metro Transport Authority" "Tram tickets"
  Liabilities:US:Chase:Slate                      -120.00 USD
  Expenses:Transport:Tram                          120.00 USD

2019-03-26 * "Uncle Boons" "Eating out with Bill"
  Liabilities:US:Chase:Slate                       -47.10 USD
  Expenses:Food:Restaurant                          47.10 USD

2019-03-29 * "Rose Flower" "Eating out with Julie"
  Liabilities:US:Chase:Slate                       -20.38 USD
  Expenses:Food:Restaurant                          20.38 USD

2019-03-31 * "Jewel of Morroco" "Eating out with Joe"
  Liabilities:US:Chase:Slate                       -24.95 USD
  Expenses:Food:Restaurant                          24.95 USD

2019-04-02 * "Onion Market" "Buying groceries"
  Liabilities:US:Chase:Slate                       -73.70 USD
  Expenses:Food:Groceries                           73.70 USD

2019-04-03 * "Chichipotle" "Eating out alone"
  Liabilities:US:Chase:Slate                       -32.80 USD
  Expenses:Food:Restaurant                          32.80 USD

2019-04-07 * "Chase:Slate" "Paying off credit card"
  Liabilities:US:Chase:Slate                       687.09 USD
  Assets:US:BofA:Checking                         -687.09 USD

2019-04-08 balance Liabilities:US:Chase:Slate      -89.47 USD

2019-04-08 * "Cafe Modagor" "Eating out with Natasha"
  Liabilities:US:Chase:Slate                       -38.15 USD
  Expenses:Food:Restaurant                          38.15 USD

2019-04-09 * "Goba Goba" "Eating out "
  Liabilities:US:Chase:Slate                       -32.81 USD
  Expenses:Food:Restaurant                          32.81 USD

2019-04-10 * "Cafe Modagor" "Eating out after work"
  Liabilities:US:Chase:Slate                       -17.88 USD
  Expenses:Food:Restaurant                          17.88 USD

2019-04-15 * "Uncle Boons" "Eating out with Natasha"
  Liabilities:US:Chase:Slate                       -42.30 USD
  Expenses:Food:Restaurant                          42.30 USD

2019-04-16 * "Chichipotle" "Eating out with Bill"
  Liabilities:US:Chase:Slate                       -57.69 USD
  Expenses:Food:Restaurant                          57.69 USD

2019-04-19 * "Chichipotle" "Eating out with Julie"
  Liabilities:US:Chase:Slate                       -19.49 USD
  Expenses:Food:Restaurant                          19.49 USD

2019-04-21 * "China Garden" "Eating out with Bill"
  Liabilities:US:Chase:Slate                       -29.70 USD
  Expenses:Food:Restaurant                          29.70 USD

2019-04-22 * "Onion Market" "Buying groceries"
  Liabilities:US:Chase:Slate                       -78.74 USD
  Expenses:Food:Groceries                           78.74 USD

2019-04-26 * "China Garden" "Eating out with Joe"
  Liabilities:US:Chase:Slate                       -43.11 USD
  Expenses:Food:Restaurant                          43.11 USD

2019-04-27 * "Metro Transport Authority" "Tram tickets"
  Liabilities:US:Chase:Slate                      -120.00 USD
  Expenses:Transport:Tram                          120.00 USD

2019-05-01 balance Liabilities:US:Chase:Slate     -569.34 USD

2019-05-01 * "Goba Goba" "Eating out with Bill"
  Liabilities:US:Chase:Slate                       -12.10 USD
  Expenses:Food:Restaurant                          12.10 USD

2019-05-05 * "Cafe Modagor" "Eating out with Natasha"
  Liabilities:US:Chase:Slate                       -32.55 USD
  Expenses:Food:Restaurant                          32.55 USD

2019-05-08 * "Good Moods Market" "Buying groceries"
  Liabilities:US:Chase:Slate                      -126.70 USD
  Expenses:Food:Groceries                          126.70 USD

2019-05-10 * "Rose Flower" "Eating out with Julie"
  Liabilities:US:Chase:Slate                       -40.78 USD
  Expenses:Food:Restaurant                          40.78 USD

2019-05-11 * "Chase:Slate" "Paying off credit card"
  Liabilities:US:Chase:Slate                       699.23 USD
  Assets:US:BofA:Checking                         -699.23 USD

2019-05-12 * "Chichipotle" "Eating out with Joe"
  Liabilities:US:Chase:Slate                       -45.38 USD
  Expenses:Food:Restaurant                          45.38 USD

2019-05-14 * "Farmer Fresh" "Buying groceries"
  Liabilities:US:Chase:Slate                       -99.17 USD
  Expenses:Food:Groceries                           99.17 USD

2019-05-16 * "China Garden" "Eating out after work"
  Liabilities:US:Chase:Slate                       -39.30 USD
  Expenses:Food:Restaurant                          39.30 USD

2019-05-20 * "China Garden" "Eating out with Natasha"
  Liabilities:US:Chase:Slate                       -46.06 USD
  Expenses:Food:Restaurant                          46.06 USD

2019-05-23 balance Liabilities:US:Chase:Slate     -312.15 USD

2019-05-24 * "Goba Goba" "Eating out with Joe"
  Liabilities:US:Chase:Slate                       -45.69 USD
  Expenses:Food:Restaurant                          45.69 USD

2019-05-25 * "Metro Transport Authority" "Tram tickets"
  Liabilities:US:Chase:Slate                      -120.00 USD
  Expenses:Transport:Tram                          120.00 USD

2019-05-27 * "Uncle Boons" "Eating out "
  Liabilities:US:Chase:Slate                       -64.24 USD
  Expenses:Food:Restaurant                          64.24 USD

2019-05-30 * "Corner Deli" "Buying groceries"
  Liabilities:US:Chase:Slate                      -159.82 USD
  Expenses:Food:Groceries                          159.82 USD

2019-05-31 * "Jewel of Morroco" "Eating out with Bill"
  Liabilities:US:Chase:Slate                       -16.57 USD
  Expenses:Food:Restaurant                          16.57 USD

2019-06-02 * "Chichipotle" "Eating out with Julie"
  Liabilities:US:Chase:Slate                       -19.17 USD
  Expenses:Food:Restaurant                          19.17 USD

2019-06-04 * "Cafe Modagor" "Eating out alone"
  Liabilities:US:Chase:Slate                       -14.72 USD
  Expenses:Food:Restaurant                          14.72 USD

2019-06-05 * "Jewel of Morroco" "Eating out with work buddies"
  Liabilities:US:Chase:Slate                       -24.61 USD
  Expenses:Food:Restaurant                          24.61 USD

2019-06-06 * "Cafe Modagor" "Eating out alone"
  Liabilities:US:Chase:Slate                       -51.92 USD
  Expenses:Food:Restaurant                          51.92 USD

2019-06-08 * "Chase:Slate" "Paying off credit card"
  Liabilities:US:Chase:Slate                       729.38 USD
  Assets:US:BofA:Checking                         -729.38 USD

2019-06-10 * "China Garden" "Eating out with Julie"
  Liabilities:US:Chase:Slate                       -28.11 USD
  Expenses:Food:Restaurant                          28.11 USD

2019-06-12 * "Goba Goba" "Eating out with Bill"
  Liabilities:US:Chase:Slate                       -81.31 USD
  Expenses:Food:Restaurant                          81.31 USD

2019-06-13 * "Corner Deli" "Buying groceries"
  Liabilities:US:Chase:Slate                       -96.54 USD
  Expenses:Food:Groceries                           96.54 USD

2019-06-14 * "China Garden" "Eating out with work buddies"
  Liabilities:US:Chase:Slate                       -28.10 USD
  Expenses:Food:Restaurant                          28.10 USD

2019-06-15 balance Liabilities:US:Chase:Slate     -333.57 USD

2019-06-16 * "Chichipotle" "Eating out with Bill"
  Liabilities:US:Chase:Slate                       -29.55 USD
  Expenses:Food:Restaurant                          29.55 USD

2019-06-17 * "Cafe Modagor" "Eating out after work"
  Liabilities:US:Chase:Slate                       -22.17 USD
  Expenses:Food:Restaurant                          22.17 USD

2019-06-19 * "Goba Goba" "Eating out with Julie"
  Liabilities:US:Chase:Slate                       -14.46 USD
  Expenses:Food:Restaurant                          14.46 USD

2019-06-23 * "Metro Transport Authority" "Tram tickets"
  Liabilities:US:Chase:Slate                      -120.00 USD
  Expenses:Transport:Tram                          120.00 USD

2019-06-24 * "Kin Soy" "Eating out with Joe"
  Liabilities:US:Chase:Slate                       -52.83 USD
  Expenses:Food:Restaurant                          52.83 USD

2019-06-25 * "Jewel of Morroco" "Eating out alone"
  Liabilities:US:Chase:Slate                       -30.98 USD
  Expenses:Food:Restaurant                          30.98 USD

2019-06-27 * "Onion Market" "Buying groceries"
  Liabilities:US:Chase:Slate                       -88.00 USD
  Expenses:Food:Groceries                           88.00 USD

2019-06-28 * "Rose Flower" "Eating out "
  Liabilities:US:Chase:Slate                       -72.94 USD
  Expenses:Food:Restaurant                          72.94 USD

2019-07-03 * "Rose Flower" "Eating out alone"
  Liabilities:US:Chase:Slate                       -14.13 USD
  Expenses:Food:Restaurant                          14.13 USD

2019-07-07 event "location" "San Francisco"

2019-07-08 balance Liabilities:US:Chase:Slate     -778.63 USD

2019-07-08 * "Pizza Delfina" "" #trip-san-francisco-2019
  Liabilities:US:Chase:Slate                       -18.84 USD
  Expenses:Food:Restaurant                          18.84 USD

2019-07-08 * "Mission Chinese Food" "" #trip-san-francisco-2019
  Liabilities:US:Chase:Slate                       -31.37 USD
  Expenses:Food:Restaurant                          31.37 USD

2019-07-09 * "Bar Crudo" "" #trip-san-francisco-2019
  Liabilities:US:Chase:Slate                       -62.10 USD
  Expenses:Food:Restaurant                          62.10 USD

2019-07-09 * "Mission Chinese Food" "" #trip-san-francisco-2019
  Liabilities:US:Chase:Slate                       -29.17 USD
  Expenses:Food:Restaurant                          29.17 USD

2019-07-10 * "Mission Chinese Food" "" #trip-san-francisco-2019
  Liabilities:US:Chase:Slate                       -30.64 USD
  Expenses:Food:Restaurant                          30.64 USD

2019-07-10 * "Chase:Slate" "Paying off credit card"
  Liabilities:US:Chase:Slate                       680.60 USD
  Assets:US:BofA:Checking                         -680.60 USD

2019-07-12 * "Pizza Delfina" "" #trip-san-francisco-2019
  Liabilities:US:Chase:Slate                       -19.45 USD
  Expenses:Food:Restaurant                          19.45 USD

2019-07-12 * "Mission Chinese Food" "" #trip-san-francisco-2019
  Liabilities:US:Chase:Slate                       -32.59 USD
  Expenses:Food:Restaurant                          32.59 USD

2019-07-13 * "Bar Crudo" "" #trip-san-francisco-2019
  Liabilities:US:Chase:Slate                       -86.57 USD
  Expenses:Food:Restaurant                          86.57 USD

2019-07-13 * "Waterbar" "" #trip-san-francisco-2019
  Liabilities:US:Chase:Slate                       -53.24 USD
  Expenses:Food:Restaurant                          53.24 USD

2019-07-13 * "Starbucks" "" #trip-san-francisco-2019
  Liabilities:US:Chase:Slate                        -6.46 USD
  Expenses:Food:Coffee                               6.46 USD

2019-07-14 * "Waterbar" "" #trip-san-francisco-2019
  Liabilities:US:Chase:Slate                       -53.76 USD
  Expenses:Food:Restaurant                          53.76 USD

2019-07-14 * "Mission Chinese Food" "" #trip-san-francisco-2019
  Liabilities:US:Chase:Slate                       -24.24 USD
  Expenses:Food:Restaurant                          24.24 USD

2019-07-15 * "Mission Chinese Food" "" #trip-san-francisco-2019
  Liabilities:US:Chase:Slate                       -24.20 USD
  Expenses:Food:Restaurant                          24.20 USD

2019-07-15 * "Starbucks" "" #trip-san-francisco-2019
  Liabilities:US:Chase:Slate                        -5.71 USD
  Expenses:Food:Coffee                               5.71 USD

2019-07-16 * "Mission Chinese Food" "" #trip-san-francisco-2019
  Liabilities:US:Chase:Slate                       -27.12 USD
  Expenses:Food:Restaurant                          27.12 USD

2019-07-16 * "Starbucks" "" #trip-san-francisco-2019
  Liabilities:US:Chase:Slate                        -5.25 USD
  Expenses:Food:Coffee                               5.25 USD

2019-07-17 * "Bar Crudo" "" #trip-san-francisco-2019
  Liabilities:US:Chase:Slate                       -71.49 USD
  Expenses:Food:Restaurant                          71.49 USD

2019-07-20 * "Bar Crudo" "" #trip-san-francisco-2019
  Liabilities:US:Chase:Slate                       -77.48 USD
  Expenses:Food:Restaurant                          77.48 USD

2019-07-20 * "Waterbar" "" #trip-san-francisco-2019
  Liabilities:US:Chase:Slate                       -56.96 USD
  Expenses:Food:Restaurant                          56.96 USD

2019-07-21 * "Bar Crudo" "" #trip-san-francisco-2019
  Liabilities:US:Chase:Slate                       -72.31 USD
  Expenses:Food:Restaurant                          72.31 USD

2019-07-21 * "Pizza Delfina" "" #trip-san-francisco-2019
  Liabilities:US:Chase:Slate                       -17.52 USD
  Expenses:Food:Restaurant                          17.52 USD

2019-07-21 * "Mission Chinese Food" "" #trip-san-francisco-2019
  Liabilities:US:Chase:Slate                       -25.74 USD
  Expenses:Food:Restaurant                          25.74 USD

2019-07-21 * "Starbucks" "" #trip-san-francisco-2019
  Liabilities:US:Chase:Slate                        -6.41 USD
  Expenses:Food:Coffee                               6.41 USD

2019-07-22 * "Bar Crudo" "" #trip-san-francisco-2019
  Liabilities:US:Chase:Slate                       -67.28 USD
  Expenses:Food:Restaurant                          67.28 USD

2019-07-22 * "Pizza Delfina" "" #trip-san-francisco-2019
  Liabilities:US:Chase:Slate                       -22.46 USD
  Expenses:Food:Restaurant                          22.46 USD

2019-07-22 * "Mission Chinese Food" "" #trip-san-francisco-2019
  Liabilities:US:Chase:Slate                       -24.41 USD
  Expenses:Food:Restaurant                          24.41 USD

2019-07-22 * "Starbucks" "" #trip-san-francisco-2019
  Liabilities:US:Chase:Slate                        -6.59 USD
  Expenses:Food:Coffee                               6.59 USD

2019-07-23 * "Starbucks" "" #trip-san-francisco-2019
  Liabilities:US:Chase:Slate                        -6.34 USD
  Expenses:Food:Coffee                               6.34 USD

2019-07-24 * "Bar Crudo" "" #trip-san-francisco-2019
  Liabilities:US:Chase:Slate                       -72.91 USD
  Expenses:Food:Restaurant                          72.91 USD

2019-07-25 * "Bar Crudo" "" #trip-san-francisco-2019
  Liabilities:US:Chase:Slate                       -74.03 USD
  Expenses:Food:Restaurant                          74.03 USD

2019-07-26 * "Pizza Delfina" "" #trip-san-francisco-2019
  Liabilities:US:Chase:Slate                       -22.00 USD
  Expenses:Food:Restaurant                          22.00 USD

2019-07-27 * "Kin Soy" "Eating out "
  Liabilities:US:Chase:Slate                       -29.59 USD
  Expenses:Food:Restaurant                          29.59 USD

2019-07-27 * "Bar Crudo" "" #trip-san-francisco-2019
  Liabilities:US:Chase:Slate                       -81.51 USD
  Expenses:Food:Restaurant                          81.51 USD

2019-07-27 * "Consume vacation days"
  Assets:US:Hoogle:Vacation                          -160 VACHR
  Expenses:Vacation                                   160 VACHR

2019-07-27 event "location" "New Metropolis"

2019-07-31 * "Chichipotle" "Eating out after work"
  Liabilities:US:Chase:Slate                       -44.51 USD
  Expenses:Food:Restaurant                          44.51 USD

2019-08-04 balance Liabilities:US:Chase:Slate    -1388.28 USD

2019-08-05 * "China Garden" "Eating out alone"
  Liabilities:US:Chase:Slate                       -18.62 USD
  Expenses:Food:Restaurant                          18.62 USD

2019-08-07 * "Rose Flower" "Eating out after work"
  Liabilities:US:Chase:Slate                       -21.52 USD
  Expenses:Food:Restaurant                          21.52 USD

2019-08-10 * "Rose Flower" "Eating out after work"
  Liabilities:US:Chase:Slate                       -49.12 USD
  Expenses:Food:Restaurant                          49.12 USD

2019-08-11 * "Chase:Slate" "Paying off credit card"
  Liabilities:US:Chase:Slate                       168.38 USD
  Assets:US:BofA:Checking                         -168.38 USD

2019-08-12 * "China Garden" "Eating out with Natasha"
  Liabilities:US:Chase:Slate                       -34.61 USD
  Expenses:Food:Restaurant                          34.61 USD

2019-08-14 * "Farmer Fresh" "Buying groceries"
  Liabilities:US:Chase:Slate                       -72.92 USD
  Expenses:Food:Groceries                           72.92 USD

2019-08-17 * "Goba Goba" "Eating out with Natasha"
  Liabilities:US:Chase:Slate                       -22.23 USD
  Expenses:Food:Restaurant                          22.23 USD

2019-08-22 * "China Garden" "Eating out with Natasha"
  Liabilities:US:Chase:Slate                       -16.20 USD
  Expenses:Food:Restaurant                          16.20 USD

2019-08-23 * "Corner Deli" "Buying groceries"
  Liabilities:US:Chase:Slate                      -113.55 USD
  Expenses:Food:Groceries                          113.55 USD

2019-08-24 * "Metro Transport Authority" "Tram tickets"
  Liabilities:US:Chase:Slate                      -120.00 USD
  Expenses:Transport:Tram                          120.00 USD

2019-08-25 * "Goba Goba" "Eating out with Natasha"
  Liabilities:US:Chase:Slate                       -29.44 USD
  Expenses:Food:Restaurant                          29.44 USD

2019-08-27 balance Liabilities:US:Chase:Slate    -1718.11 USD

2019-08-29 * "Goba Goba" "Eating out alone"
  Liabilities:US:Chase:Slate                       -29.09 USD
  Expenses:Food:Restaurant                          29.09 USD

2019-08-29 * "Corner Deli" "Buying groceries"
  Liabilities:US:Chase:Slate                       -93.20 USD
  Expenses:Food:Groceries                           93.20 USD

2019-09-01 * "Rose Flower" "Eating out with work buddies"
  Liabilities:US:Chase:Slate                       -29.94 USD
  Expenses:Food:Restaurant                          29.94 USD

2019-09-04 * "China Garden" "Eating out with Natasha"
  Liabilities:US:Chase:Slate                       -48.84 USD
  Expenses:Food:Restaurant                          48.84 USD

2019-09-05 * "Goba Goba" "Eating out with Natasha"
  Liabilities:US:Chase:Slate                       -19.72 USD
  Expenses:Food:Restaurant                          19.72 USD

2019-09-08 * "Kin Soy" "Eating out alone"
  Liabilities:US:Chase:Slate                       -29.22 USD
  Expenses:Food:Restaurant                          29.22 USD

2019-09-09 * "Chase:Slate" "Paying off credit card"
  Liabilities:US:Chase:Slate                       651.24 USD
  Assets:US:BofA:Checking                         -651.24 USD

2019-09-11 * "Jewel of Morroco" "Eating out with Joe"
  Liabilities:US:Chase:Slate                       -26.89 USD
  Expenses:Food:Restaurant                          26.89 USD

2019-09-15 * "Goba Goba" "Eating out alone"
  Liabilities:US:Chase:Slate                       -63.52 USD
  Expenses:Food:Restaurant                          63.52 USD

2019-09-17 * "Uncle Boons" "Eating out with Julie"
  Liabilities:US:Chase:Slate                       -21.17 USD
  Expenses:Food:Restaurant                          21.17 USD

2019-09-18 * "Chichipotle" "Eating out with Joe"
  Liabilities:US:Chase:Slate                       -24.04 USD
  Expenses:Food:Restaurant                          24.04 USD

2019-09-18 * "Good Moods Market" "Buying groceries"
  Liabilities:US:Chase:Slate                      -106.15 USD
  Expenses:Food:Groceries                          106.15 USD

2019-09-22 * "Rose Flower" "Eating out with Joe"
  Liabilities:US:Chase:Slate                       -15.64 USD
  Expenses:Food:Restaurant                          15.64 USD

2019-09-23 balance Liabilities:US:Chase:Slate    -1574.29 USD

2019-09-23 * "Metro Transport Authority" "Tram tickets"
  Liabilities:US:Chase:Slate                      -120.00 USD
  Expenses:Transport:Tram                          120.00 USD

2019-09-25 * "Good Moods Market" "Buying groceries"
  Liabilities:US:Chase:Slate                       -89.47 USD
  Expenses:Food:Groceries                           89.47 USD

2019-09-26 * "Goba Goba" "Eating out with Natasha"
  Liabilities:US:Chase:Slate                       -13.52 USD
  Expenses:Food:Restaurant                          13.52 USD

2019-09-30 * "Onion Market" "Buying groceries"
  Liabilities:US:Chase:Slate                       -45.11 USD
  Expenses:Food:Groceries                           45.11 USD

2019-10-01 * "Goba Goba" "Eating out with Natasha"
  Liabilities:US:Chase:Slate                       -25.85 USD
  Expenses:Food:Restaurant                          25.85 USD

2019-10-04 * "Cafe Modagor" "Eating out with Natasha"
  Liabilities:US:Chase:Slate                       -19.97 USD
  Expenses:Food:Restaurant                          19.97 USD

2019-10-08 * "Chichipotle" "Eating out with Joe"
  Liabilities:US:Chase:Slate                       -26.18 USD
  Expenses:Food:Restaurant                          26.18 USD

2019-10-08 * "Corner Deli" "Buying groceries"
  Liabilities:US:Chase:Slate                      -109.41 USD
  Expenses:Food:Groceries                          109.41 USD

2019-10-08 * "Chase:Slate" "Paying off credit card"
  Liabilities:US:Chase:Slate                       570.62 USD
  Assets:US:BofA:Checking                         -570.62 USD

2019-10-09 * "Goba Goba" "Eating out with Bill"
  Liabilities:US:Chase:Slate                       -17.20 USD
  Expenses:Food:Restaurant                          17.20 USD

2019-10-11 * "Kin Soy" "Eating out with work buddies"
  Liabilities:US:Chase:Slate                       -18.83 USD
  Expenses:Food:Restaurant                          18.83 USD

2019-10-13 * "Onion Market" "Buying groceries"
  Liabilities:US:Chase:Slate                       -69.59 USD
  Expenses:Food:Groceries                           69.59 USD

2019-10-16 * "Uncle Boons" "Eating out with Julie"
  Liabilities:US:Chase:Slate                       -28.34 USD
  Expenses:Food:Restaurant                          28.34 USD

2019-10-19 balance Liabilities:US:Chase:Slate    -1587.14 USD

2019-10-20 * "Jewel of Morroco" "Eating out with Julie"
  Liabilities:US:Chase:Slate                       -32.47 USD
  Expenses:Food:Restaurant                          32.47 USD

2019-10-20 * "Metro Transport Authority" "Tram tickets"
  Liabilities:US:Chase:Slate                      -120.00 USD
  Expenses:Transport:Tram                          120.00 USD

2019-10-22 * "Rose Flower" "Eating out with Bill"
  Liabilities:US:Chase:Slate                       -40.82 USD
  Expenses:Food:Restaurant                          40.82 USD

2019-10-26 * "China Garden" "Eating out with Bill"
  Liabilities:US:Chase:Slate                       -33.12 USD
  Expenses:Food:Restaurant                          33.12 USD

2019-10-27 * "Chichipotle" "Eating out with work buddies"
  Liabilities:US:Chase:Slate                       -36.88 USD
  Expenses:Food:Restaurant                          36.88 USD

2019-10-30 * "Rose Flower" "Eating out after work"
  Liabilities:US:Chase:Slate                       -45.18 USD
  Expenses:Food:Restaurant                          45.18 USD

2019-11-02 * "Jewel of Morroco" "Eating out with Bill"
  Liabilities:US:Chase:Slate                       -38.82 USD
  Expenses:Food:Restaurant                          38.82 USD

2019-11-02 * "Onion Market" "Buying groceries"
  Liabilities:US:Chase:Slate                      -153.00 USD
  Expenses:Food:Groceries                          153.00 USD

2019-11-05 * "Uncle Boons" "Eating out after work"
  Liabilities:US:Chase:Slate                       -21.96 USD
  Expenses:Food:Restaurant                          21.96 USD

2019-11-07 * "Chase:Slate" "Paying off credit card"
  Liabilities:US:Chase:Slate                       813.56 USD
  Assets:US:BofA:Checking                         -813.56 USD

2019-11-08 * "Kin Soy" "Eating out alone"
  Liabilities:US:Chase:Slate                       -47.94 USD
  Expenses:Food:Restaurant                          47.94 USD

2019-11-10 balance Liabilities:US:Chase:Slate    -1343.77 USD

2019-11-12 * "Uncle Boons" "Eating out alone"
  Liabilities:US:Chase:Slate                       -24.74 USD
  Expenses:Food:Restaurant                          24.74 USD

2019-11-13 * "Corner Deli" "Buying groceries"
  Liabilities:US:Chase:Slate                       -78.30 USD
  Expenses:Food:Groceries                           78.30 USD

2019-11-17 * "Chichipotle" "Eating out with work buddies"
  Liabilities:US:Chase:Slate                       -21.14 USD
  Expenses:Food:Restaurant                          21.14 USD

2019-11-18 * "Kin Soy" "Eating out alone"
  Liabilities:US:Chase:Slate                       -31.77 USD
  Expenses:Food:Restaurant                          31.77 USD

2019-11-19 * "Metro Transport Authority" "Tram tickets"
  Liabilities:US:Chase:Slate                      -120.00 USD
  Expenses:Transport:Tram                          120.00 USD

2019-11-20 * "Kin Soy" "Eating out with Julie"
  Liabilities:US:Chase:Slate                       -22.48 USD
  Expenses:Food:Restaurant                          22.48 USD

2019-11-23 * "Cafe Modagor" "Eating out after work"
  Liabilities:US:Chase:Slate                       -36.91 USD
  Expenses:Food:Restaurant                          36.91 USD

2019-11-24 * "Kin Soy" "Eating out alone"
  Liabilities:US:Chase:Slate                       -41.23 USD
  Expenses:Food:Restaurant                          41.23 USD

2019-11-26 * "Chichipotle" "Eating out with Bill"
  Liabilities:US:Chase:Slate                       -82.16 USD
  Expenses:Food:Restaurant                          82.16 USD

2019-11-29 * "Jewel of Morroco" "Eating out alone"
  Liabilities:US:Chase:Slate                       -20.82 USD
  Expenses:Food:Restaurant                          20.82 USD

2019-12-01 * "Cafe Modagor" "Eating out "
  Liabilities:US:Chase:Slate                       -18.08 USD
  Expenses:Food:Restaurant                          18.08 USD

2019-12-02 * "Farmer Fresh" "Buying groceries"
  Liabilities:US:Chase:Slate                       -88.64 USD
  Expenses:Food:Groceries                           88.64 USD

2019-12-03 balance Liabilities:US:Chase:Slate    -1930.04 USD

2019-12-05 * "Rose Flower" "Eating out "
  Liabilities:US:Chase:Slate                       -27.69 USD
  Expenses:Food:Restaurant                          27.69 USD

2019-12-07 * "Cafe Modagor" "Eating out "
  Liabilities:US:Chase:Slate                       -34.38 USD
  Expenses:Food:Restaurant                          34.38 USD

2019-12-09 * "Chase:Slate" "Paying off credit card"
  Liabilities:US:Chase:Slate                       661.55 USD
  Assets:US:BofA:Checking                         -661.55 USD

2019-12-10 * "Jewel of Morroco" "Eating out with Bill"
  Liabilities:US:Chase:Slate                       -13.21 USD
  Expenses:Food:Restaurant                          13.21 USD

2019-12-13 * "Corner Deli" "Buying groceries"
  Liabilities:US:Chase:Slate                       -73.95 USD
  Expenses:Food:Groceries                           73.95 USD

2019-12-14 * "China Garden" "Eating out with Joe"
  Liabilities:US:Chase:Slate                       -27.06 USD
  Expenses:Food:Restaurant                          27.06 USD

2019-12-16 * "Metro Transport Authority" "Tram tickets"
  Liabilities:US:Chase:Slate                      -120.00 USD
  Expenses:Transport:Tram                          120.00 USD

2019-12-19 * "Cafe Modagor" "Eating out alone"
  Liabilities:US:Chase:Slate                       -44.37 USD
  Expenses:Food:Restaurant                          44.37 USD

2019-12-20 * "Onion Market" "Buying groceries"
  Liabilities:US:Chase:Slate                       -68.31 USD
  Expenses:Food:Groceries                           68.31 USD

2019-12-21 * "Chichipotle" "Eating out "
  Liabilities:US:Chase:Slate                       -41.44 USD
  Expenses:Food:Restaurant                          41.44 USD

2019-12-22 * "Goba Goba" "Eating out with Bill"
  Liabilities:US:Chase:Slate                       -38.61 USD
  Expenses:Food:Restaurant                          38.61 USD

2019-12-27 * "Uncle Boons" "Eating out "
  Liabilities:US:Chase:Slate                       -45.08 USD
  Expenses:Food:Restaurant                          45.08 USD

2019-12-29 * "Uncle Boons" "Eating out with Natasha"
  Liabilities:US:Chase:Slate                       -35.29 USD
  Expenses:Food:Restaurant                          35.29 USD

2019-12-30 * "Chichipotle" "Eating out with Natasha"
  Liabilities:US:Chase:Slate                       -24.25 USD
  Expenses:Food:Restaurant                          24.25 USD

2020-01-01 balance Liabilities:US:Chase:Slate    -1862.13 USD

2020-01-01 * "Goba Goba" "Eating out with work buddies"
  Liabilities:US:Chase:Slate                       -37.36 USD
  Expenses:Food:Restaurant                          37.36 USD

2020-01-02 * "Farmer Fresh" "Buying groceries"
  Liabilities:US:Chase:Slate                       -84.61 USD
  Expenses:Food:Groceries                           84.61 USD

2020-01-05 * "China Garden" "Eating out with Natasha"
  Liabilities:US:Chase:Slate                       -17.59 USD
  Expenses:Food:Restaurant                          17.59 USD

2020-01-10 * "Jewel of Morroco" "Eating out with Bill"
  Liabilities:US:Chase:Slate                       -34.08 USD
  Expenses:Food:Restaurant                          34.08 USD

2020-01-11 * "Chase:Slate" "Paying off credit card"
  Liabilities:US:Chase:Slate                       727.84 USD
  Assets:US:BofA:Checking                         -727.84 USD

2020-01-13 * "China Garden" "Eating out alone"
  Liabilities:US:Chase:Slate                       -35.84 USD
  Expenses:Food:Restaurant                          35.84 USD

2020-01-15 * "Kin Soy" "Eating out with Bill"
  Liabilities:US:Chase:Slate                       -10.12 USD
  Expenses:Food:Restaurant                          10.12 USD

2020-01-15 * "Metro Transport Authority" "Tram tickets"
  Liabilities:US:Chase:Slate                      -120.00 USD
  Expenses:Transport:Tram                          120.00 USD

2020-01-18 * "Uncle Boons" "Eating out "
  Liabilities:US:Chase:Slate                       -43.14 USD
  Expenses:Food:Restaurant                          43.14 USD

2020-01-19 * "Farmer Fresh" "Buying groceries"
  Liabilities:US:Chase:Slate                      -112.03 USD
  Expenses:Food:Groceries                          112.03 USD

2020-01-20 * "Uncle Boons" "Eating out with Joe"
  Liabilities:US:Chase:Slate                       -53.74 USD
  Expenses:Food:Restaurant                          53.74 USD

2020-01-23 balance Liabilities:US:Chase:Slate    -1682.80 USD

2020-01-23 * "Uncle Boons" "Eating out alone"
  Liabilities:US:Chase:Slate                       -69.51 USD
  Expenses:Food:Restaurant                          69.51 USD

2020-01-24 * "Kin Soy" "Eating out "
  Liabilities:US:Chase:Slate                       -24.24 USD
  Expenses:Food:Restaurant                          24.24 USD

2020-01-29 * "Rose Flower" "Eating out with work buddies"
  Liabilities:US:Chase:Slate                       -33.06 USD
  Expenses:Food:Restaurant                          33.06 USD

2020-02-01 * "Rose Flower" "Eating out with Natasha"
  Liabilities:US:Chase:Slate                       -27.72 USD
  Expenses:Food:Restaurant                          27.72 USD

2020-02-02 * "Onion Market" "Buying groceries"
  Liabilities:US:Chase:Slate                       -65.37 USD
  Expenses:Food:Groceries                           65.37 USD

2020-02-04 * "China Garden" "Eating out with work buddies"
  Liabilities:US:Chase:Slate                       -20.90 USD
  Expenses:Food:Restaurant                          20.90 USD

2020-02-06 * "Rose Flower" "Eating out after work"
  Liabilities:US:Chase:Slate                       -37.95 USD
  Expenses:Food:Restaurant                          37.95 USD

2020-02-08 * "China Garden" "Eating out with Joe"
  Liabilities:US:Chase:Slate                       -50.92 USD
  Expenses:Food:Restaurant                          50.92 USD

2020-02-08 * "Chase:Slate" "Paying off credit card"
  Liabilities:US:Chase:Slate                       668.70 USD
  Assets:US:BofA:Checking                         -668.70 USD

2020-02-11 * "Kin Soy" "Eating out after work"
  Liabilities:US:Chase:Slate                       -17.48 USD
  Expenses:Food:Restaurant                          17.48 USD

2020-02-13 * "Farmer Fresh" "Buying groceries"
  Liabilities:US:Chase:Slate                       -43.82 USD
  Expenses:Food:Groceries                           43.82 USD

2020-02-16 * "Jewel of Morroco" "Eating out with work buddies"
  Liabilities:US:Chase:Slate                       -32.58 USD
  Expenses:Food:Restaurant                          32.58 USD

2020-02-16 * "Metro Transport Authority" "Tram tickets"
  Liabilities:US:Chase:Slate                      -120.00 USD
  Expenses:Transport:Tram                          120.00 USD

2020-02-17 * "Jewel of Morroco" "Eating out with Natasha"
  Liabilities:US:Chase:Slate                       -32.16 USD
  Expenses:Food:Restaurant                          32.16 USD

2020-02-18 * "Corner Deli" "Buying groceries"
  Liabilities:US:Chase:Slate                      -105.65 USD
  Expenses:Food:Groceries                          105.65 USD

2020-02-20 * "Kin Soy" "Eating out "
  Liabilities:US:Chase:Slate                       -16.54 USD
  Expenses:Food:Restaurant                          16.54 USD

2020-02-21 balance Liabilities:US:Chase:Slate    -1712.00 USD

2020-02-24 * "Goba Goba" "Eating out "
  Liabilities:US:Chase:Slate                       -39.30 USD
  Expenses:Food:Restaurant                          39.30 USD

2020-02-26 * "Kin Soy" "Eating out alone"
  Liabilities:US:Chase:Slate                       -21.80 USD
  Expenses:Food:Restaurant                          21.80 USD

2020-02-27 * "Onion Market" "Buying groceries"
  Liabilities:US:Chase:Slate                       -75.20 USD
  Expenses:Food:Groceries                           75.20 USD

2020-03-02 * "Chichipotle" "Eating out with work buddies"
  Liabilities:US:Chase:Slate                       -30.40 USD
  Expenses:Food:Restaurant                          30.40 USD

2020-03-06 * "Goba Goba" "Eating out with Natasha"
  Liabilities:US:Chase:Slate                       -19.71 USD
  Expenses:Food:Restaurant                          19.71 USD

2020-03-07 * "Rose Flower" "Eating out "
  Liabilities:US:Chase:Slate                       -47.15 USD
  Expenses:Food:Restaurant                          47.15 USD

2020-03-08 * "Jewel of Morroco" "Eating out with Natasha"
  Liabilities:US:Chase:Slate                       -51.56 USD
  Expenses:Food:Restaurant                          51.56 USD

2020-03-09 * "Chase:Slate" "Paying off credit card"
  Liabilities:US:Chase:Slate                       682.06 USD
  Assets:US:BofA:Checking                         -682.06 USD

2020-03-11 * "China Garden" "Eating out with Natasha"
  Liabilities:US:Chase:Slate                       -28.71 USD
  Expenses:Food:Restaurant                          28.71 USD

2020-03-12 * "China Garden" "Eating out with work buddies"
  Liabilities:US:Chase:Slate                      -106.09 USD
  Expenses:Food:Restaurant                         106.09 USD

2020-03-15 balance Liabilities:US:Chase:Slate    -1449.86 USD

2020-03-15 * "China Garden" "Eating out with Bill"
  Liabilities:US:Chase:Slate                       -32.51 USD
  Expenses:Food:Restaurant                          32.51 USD

2020-03-16 * "Metro Transport Authority" "Tram tickets"
  Liabilities:US:Chase:Slate                      -120.00 USD
  Expenses:Transport:Tram                          120.00 USD

2020-03-17 * "Farmer Fresh" "Buying groceries"
  Liabilities:US:Chase:Slate                      -124.78 USD
  Expenses:Food:Groceries                          124.78 USD

2020-03-18 * "Goba Goba" "Eating out with Joe"
  Liabilities:US:Chase:Slate                       -28.69 USD
  Expenses:Food:Restaurant                          28.69 USD

2020-03-23 * "Chichipotle" "Eating out with Joe"
  Liabilities:US:Chase:Slate                       -27.95 USD
  Expenses:Food:Restaurant                          27.95 USD

2020-03-23 * "Good Moods Market" "Buying groceries"
  Liabilities:US:Chase:Slate                      -100.03 USD
  Expenses:Food:Groceries                          100.03 USD

2020-03-25 * "Rose Flower" "Eating out after work"
  Liabilities:US:Chase:Slate                       -28.67 USD
  Expenses:Food:Restaurant                          28.67 USD

2020-03-30 * "Kin Soy" "Eating out with work buddies"
  Liabilities:US:Chase:Slate                       -29.11 USD
  Expenses:Food:Restaurant                          29.11 USD

2020-03-31 * "Rose Flower" "Eating out with work buddies"
  Liabilities:US:Chase:Slate                       -22.67 USD
  Expenses:Food:Restaurant                          22.67 USD

2020-04-01 * "Goba Goba" "Eating out "
  Liabilities:US:Chase:Slate                       -36.27 USD
  Expenses:Food:Restaurant                          36.27 USD

2020-04-04 * "Uncle Boons" "Eating out with Natasha"
  Liabilities:US:Chase:Slate                       -49.87 USD
  Expenses:Food:Restaurant                          49.87 USD

2020-04-07 * "Chichipotle" "Eating out with Joe"
  Liabilities:US:Chase:Slate                       -33.02 USD
  Expenses:Food:Restaurant                          33.02 USD

2020-04-07 * "Chase:Slate" "Paying off credit card"
  Liabilities:US:Chase:Slate                       739.66 USD
  Assets:US:BofA:Checking                         -739.66 USD

2020-04-08 * "Farmer Fresh" "Buying groceries"
  Liabilities:US:Chase:Slate                      -107.43 USD
  Expenses:Food:Groceries                          107.43 USD

2020-04-11 balance Liabilities:US:Chase:Slate    -1451.20 USD

2020-04-12 * "Kin Soy" "Eating out with Julie"
  Liabilities:US:Chase:Slate                       -16.44 USD
  Expenses:Food:Restaurant                          16.44 USD

2020-04-12 * "Metro Transport Authority" "Tram tickets"
  Liabilities:US:Chase:Slate                      -120.00 USD
  Expenses:Transport:Tram                          120.00 USD

2020-04-13 * "Uncle Boons" "Eating out with Bill"
  Liabilities:US:Chase:Slate                       -39.43 USD
  Expenses:Food:Restaurant                          39.43 USD

2020-04-15 * "Chichipotle" "Eating out with Natasha"
  Liabilities:US:Chase:Slate                       -33.20 USD
  Expenses:Food:Restaurant                          33.20 USD

2020-04-18 * "Goba Goba" "Eating out with work buddies"
  Liabilities:US:Chase:Slate                       -31.21 USD
  Expenses:Food:Restaurant                          31.21 USD

2020-04-22 * "Cafe Modagor" "Eating out with Julie"
  Liabilities:US:Chase:Slate                       -30.56 USD
  Expenses:Food:Restaurant                          30.56 USD

2020-04-24 * "Farmer Fresh" "Buying groceries"
  Liabilities:US:Chase:Slate                       -66.45 USD
  Expenses:Food:Groceries                           66.45 USD

2020-04-25 * "Uncle Boons" "Eating out with Bill"
  Liabilities:US:Chase:Slate                       -14.40 USD
  Expenses:Food:Restaurant                          14.40 USD

2020-04-29 * "Farmer Fresh" "Buying groceries"
  Liabilities:US:Chase:Slate                      -103.83 USD
  Expenses:Food:Groceries                          103.83 USD

2020-04-30 * "Uncle Boons" "Eating out after work"
  Liabilities:US:Chase:Slate                       -32.64 USD
  Expenses:Food:Restaurant                          32.64 USD

2020-05-02 balance Liabilities:US:Chase:Slate    -1939.36 USD

2020-05-04 * "Chichipotle" "Eating out with Bill"
  Liabilities:US:Chase:Slate                       -67.98 USD
  Expenses:Food:Restaurant                          67.98 USD

2020-05-05 * "Jewel of Morroco" "Eating out after work"
  Liabilities:US:Chase:Slate                       -25.97 USD
  Expenses:Food:Restaurant                          25.97 USD

2020-05-06 * "Kin Soy" "Eating out with Natasha"
  Liabilities:US:Chase:Slate                       -30.86 USD
  Expenses:Food:Restaurant                          30.86 USD

2020-05-09 * "Uncle Boons" "Eating out with work buddies"
  Liabilities:US:Chase:Slate                       -35.35 USD
  Expenses:Food:Restaurant                          35.35 USD

2020-05-10 * "Uncle Boons" "Eating out with Joe"
  Liabilities:US:Chase:Slate                       -65.33 USD
  Expenses:Food:Restaurant                          65.33 USD

2020-05-10 * "Chase:Slate" "Paying off credit card"
  Liabilities:US:Chase:Slate                       821.08 USD
  Assets:US:BofA:Checking                         -821.08 USD

2020-05-14 * "Corner Deli" "Buying groceries"
  Liabilities:US:Chase:Slate                       -58.17 USD
  Expenses:Food:Groceries                           58.17 USD

2020-05-15 * "Jewel of Morroco" "Eating out with Natasha"
  Liabilities:US:Chase:Slate                       -23.23 USD
  Expenses:Food:Restaurant                          23.23 USD

2020-05-15 * "Metro Transport Authority" "Tram tickets"
  Liabilities:US:Chase:Slate                      -120.00 USD
  Expenses:Transport:Tram                          120.00 USD

2020-05-18 * "Jewel of Morroco" "Eating out "
  Liabilities:US:Chase:Slate                       -24.58 USD
  Expenses:Food:Restaurant                          24.58 USD

2020-05-19 * "Jewel of Morroco" "Eating out with Joe"
  Liabilities:US:Chase:Slate                        -8.37 USD
  Expenses:Food:Restaurant                           8.37 USD

2020-05-22 * "Cafe Modagor" "Eating out "
  Liabilities:US:Chase:Slate                       -30.17 USD
  Expenses:Food:Restaurant                          30.17 USD

2020-05-23 * "Goba Goba" "Eating out with Joe"
  Liabilities:US:Chase:Slate                       -51.60 USD
  Expenses:Food:Restaurant                          51.60 USD

2020-05-26 * "Good Moods Market" "Buying groceries"
  Liabilities:US:Chase:Slate                       -96.19 USD
  Expenses:Food:Groceries                           96.19 USD

2020-05-28 * "Kin Soy" "Eating out after work"
  Liabilities:US:Chase:Slate                       -45.53 USD
  Expenses:Food:Restaurant                          45.53 USD

2020-05-30 balance Liabilities:US:Chase:Slate    -1801.61 USD

2020-05-30 * "Kin Soy" "Eating out with Julie"
  Liabilities:US:Chase:Slate                       -32.42 USD
  Expenses:Food:Restaurant                          32.42 USD

2020-06-01 * "Rose Flower" "Eating out "
  Liabilities:US:Chase:Slate                       -12.44 USD
  Expenses:Food:Restaurant                          12.44 USD

2020-06-03 * "Goba Goba" "Eating out with Julie"
  Liabilities:US:Chase:Slate                       -40.86 USD
  Expenses:Food:Restaurant                          40.86 USD

2020-06-04 * "Uncle Boons" "Eating out with Joe"
  Liabilities:US:Chase:Slate                       -50.13 USD
  Expenses:Food:Restaurant                          50.13 USD

2020-06-08 * "Goba Goba" "Eating out with Joe"
  Liabilities:US:Chase:Slate                       -23.55 USD
  Expenses:Food:Restaurant                          23.55 USD

2020-06-10 * "Chase:Slate" "Paying off credit card"
  Liabilities:US:Chase:Slate                       634.74 USD
  Assets:US:BofA:Checking                         -634.74 USD

2020-06-12 * "China Garden" "Eating out after work"
  Liabilities:US:Chase:Slate                       -17.50 USD
  Expenses:Food:Restaurant                          17.50 USD

2020-06-14 * "Onion Market" "Buying groceries"
  Liabilities:US:Chase:Slate                       -63.98 USD
  Expenses:Food:Groceries                           63.98 USD

2020-06-16 * "Metro Transport Authority" "Tram tickets"
  Liabilities:US:Chase:Slate                      -120.00 USD
  Expenses:Transport:Tram                          120.00 USD

2020-06-17 * "China Garden" "Eating out after work"
  Liabilities:US:Chase:Slate                       -23.18 USD
  Expenses:Food:Restaurant                          23.18 USD

2020-06-19 * "China Garden" "Eating out with Julie"
  Liabilities:US:Chase:Slate                       -38.52 USD
  Expenses:Food:Restaurant                          38.52 USD

2020-06-20 balance Liabilities:US:Chase:Slate    -1589.45 USD

2020-06-20 * "China Garden" "Eating out "
  Liabilities:US:Chase:Slate                       -25.91 USD
  Expenses:Food:Restaurant                          25.91 USD

2020-06-23 * "Kin Soy" "Eating out with Bill"
  Liabilities:US:Chase:Slate                       -78.96 USD
  Expenses:Food:Restaurant                          78.96 USD

2020-06-26 * "Chichipotle" "Eating out with work buddies"
  Liabilities:US:Chase:Slate                       -46.57 USD
  Expenses:Food:Restaurant                          46.57 USD

2020-06-28 * "China Garden" "Eating out "
  Liabilities:US:Chase:Slate                       -26.99 USD
  Expenses:Food:Restaurant                          26.99 USD

2020-06-28 * "Good Moods Market" "Buying groceries"
  Liabilities:US:Chase:Slate                       -84.97 USD
  Expenses:Food:Groceries                           84.97 USD

2020-07-01 * "Chichipotle" "Eating out alone"
  Liabilities:US:Chase:Slate                       -56.85 USD
  Expenses:Food:Restaurant                          56.85 USD

2020-07-06 * "Goba Goba" "Eating out with Natasha"
  Liabilities:US:Chase:Slate                       -29.72 USD
  Expenses:Food:Restaurant                          29.72 USD

2020-07-09 * "Chase:Slate" "Paying off credit card"
  Liabilities:US:Chase:Slate                       656.63 USD
  Assets:US:BofA:Checking                         -656.63 USD

2020-07-11 * "Rose Flower" "Eating out "
  Liabilities:US:Chase:Slate                       -60.98 USD
  Expenses:Food:Restaurant                          60.98 USD

2020-07-13 * "Metro Transport Authority" "Tram tickets"
  Liabilities:US:Chase:Slate                      -120.00 USD
  Expenses:Transport:Tram                          120.00 USD

2020-07-16 balance Liabilities:US:Chase:Slate    -1463.77 USD

2020-07-16 * "Goba Goba" "Eating out "
  Liabilities:US:Chase:Slate                       -32.79 USD
  Expenses:Food:Restaurant                          32.79 USD

2020-07-17 * "Onion Market" "Buying groceries"
  Liabilities:US:Chase:Slate                       -87.16 USD
  Expenses:Food:Groceries                           87.16 USD

2020-07-19 event "location" "Boston"

2020-07-21 * "Starbucks" "" #trip-boston-2020
  Liabilities:US:Chase:Slate                        -5.42 USD
  Expenses:Food:Coffee                               5.42 USD

2020-07-22 * "Giacomo's Restaurant" "" #trip-boston-2020
  Liabilities:US:Chase:Slate                       -38.97 USD
  Expenses:Food:Restaurant                          38.97 USD

2020-07-23 * "Giacomo's Restaurant" "" #trip-boston-2020
  Liabilities:US:Chase:Slate                       -36.33 USD
  Expenses:Food:Restaurant                          36.33 USD

2020-07-24 * "Giacomo's Restaurant" "" #trip-boston-2020
  Liabilities:US:Chase:Slate                       -36.55 USD
  Expenses:Food:Restaurant                          36.55 USD

2020-07-24 * "Franklin Cafe" "" #trip-boston-2020
  Liabilities:US:Chase:Slate                       -27.62 USD
  Expenses:Food:Restaurant                          27.62 USD

2020-07-25 * "Giacomo's Restaurant" "" #trip-boston-2020
  Liabilities:US:Chase:Slate                       -37.55 USD
  Expenses:Food:Restaurant                          37.55 USD

2020-07-25 * "Franklin Cafe" "" #trip-boston-2020
  Liabilities:US:Chase:Slate                       -23.24 USD
  Expenses:Food:Restaurant                          23.24 USD

2020-07-26 * "Giacomo's Restaurant" "" #trip-boston-2020
  Liabilities:US:Chase:Slate                       -35.56 USD
  Expenses:Food:Restaurant                          35.56 USD

2020-07-27 * "Legal Seafood" "" #trip-boston-2020
  Liabilities:US:Chase:Slate                       -36.97 USD
  Expenses:Food:Restaurant                          36.97 USD

2020-07-27 * "Starbucks" "" #trip-boston-2020
  Liabilities:US:Chase:Slate                        -6.40 USD
  Expenses:Food:Coffee                               6.40 USD

2020-07-28 * "Franklin Cafe" "" #trip-boston-2020
  Liabilities:US:Chase:Slate                       -35.04 USD
  Expenses:Food:Restaurant                          35.04 USD

2020-07-28 * "Starbucks" "" #trip-boston-2020
  Liabilities:US:Chase:Slate                        -6.72 USD
  Expenses:Food:Coffee                               6.72 USD

2020-07-29 * "Franklin Cafe" "" #trip-boston-2020
  Liabilities:US:Chase:Slate                       -22.10 USD
  Expenses:Food:Restaurant                          22.10 USD

2020-07-29 * "Starbucks" "" #trip-boston-2020
  Liabilities:US:Chase:Slate                        -5.91 USD
  Expenses:Food:Coffee                               5.91 USD

2020-07-31 * "Giacomo's Restaurant" "" #trip-boston-2020
  Liabilities:US:Chase:Slate                       -40.62 USD
  Expenses:Food:Restaurant                          40.62 USD

2020-08-01 * "Legal Seafood" "" #trip-boston-2020
  Liabilities:US:Chase:Slate                       -32.67 USD
  Expenses:Food:Restaurant                          32.67 USD

2020-08-01 * "Starbucks" "" #trip-boston-2020
  Liabilities:US:Chase:Slate                        -6.12 USD
  Expenses:Food:Coffee                               6.12 USD

2020-08-05 * "Giacomo's Restaurant" "" #trip-boston-2020
  Liabilities:US:Chase:Slate                       -45.69 USD
  Expenses:Food:Restaurant                          45.69 USD

2020-08-05 * "Starbucks" "" #trip-boston-2020
  Liabilities:US:Chase:Slate                        -6.44 USD
  Expenses:Food:Coffee                               6.44 USD

2020-08-06 * "Giacomo's Restaurant" "" #trip-boston-2020
  Liabilities:US:Chase:Slate                       -43.40 USD
  Expenses:Food:Restaurant                          43.40 USD

2020-08-06 * "Legal Seafood" "" #trip-boston-2020
  Liabilities:US:Chase:Slate                       -40.82 USD
  Expenses:Food:Restaurant                          40.82 USD

2020-08-06 * "Franklin Cafe" "" #trip-boston-2020
  Liabilities:US:Chase:Slate                       -36.08 USD
  Expenses:Food:Restaurant                          36.08 USD

2020-08-07 * "Chase:Slate" "Paying off credit card"
  Liabilities:US:Chase:Slate                       260.33 USD
  Assets:US:BofA:Checking                         -260.33 USD

2020-08-08 balance Liabilities:US:Chase:Slate    -1929.61 USD

2020-08-08 * "Starbucks" "" #trip-boston-2020
  Liabilities:US:Chase:Slate                        -6.06 USD
  Expenses:Food:Coffee                               6.06 USD

2020-08-09 * "Consume vacation days"
  Assets:US:Hoogle:Vacation                          -168 VACHR
  Expenses:Vacation                                   168 VACHR

2020-08-09 event "location" "New Metropolis"

2020-08-10 * "Uncle Boons" "Eating out with work buddies"
  Liabilities:US:Chase:Slate                       -20.38 USD
  Expenses:Food:Restaurant                          20.38 USD

2020-08-13 * "Rose Flower" "Eating out after work"
  Liabilities:US:Chase:Slate                       -27.87 USD
  Expenses:Food:Restaurant                          27.87 USD

2020-08-13 * "Metro Transport Authority" "Tram tickets"
  Liabilities:US:Chase:Slate                      -120.00 USD
  Expenses:Transport:Tram                          120.00 USD

2020-08-16 * "Goba Goba" "Eating out with work buddies"
  Liabilities:US:Chase:Slate                       -35.94 USD
  Expenses:Food:Restaurant                          35.94 USD

2020-08-17 * "Farmer Fresh" "Buying groceries"
  Liabilities:US:Chase:Slate                       -68.74 USD
  Expenses:Food:Groceries                           68.74 USD

2020-08-21 * "Cafe Modagor" "Eating out after work"
  Liabilities:US:Chase:Slate                       -36.46 USD
  Expenses:Food:Restaurant                          36.46 USD

2020-08-22 * "Goba Goba" "Eating out with work buddies"
  Liabilities:US:Chase:Slate                       -30.57 USD
  Expenses:Food:Restaurant                          30.57 USD

2020-08-23 * "Onion Market" "Buying groceries"
  Liabilities:US:Chase:Slate                       -74.92 USD
  Expenses:Food:Groceries                           74.92 USD

2020-08-26 * "Uncle Boons" "Eating out with Bill"
  Liabilities:US:Chase:Slate                       -32.40 USD
  Expenses:Food:Restaurant                          32.40 USD

2020-08-30 * "Chichipotle" "Eating out with work buddies"
  Liabilities:US:Chase:Slate                       -22.84 USD
  Expenses:Food:Restaurant                          22.84 USD

2020-09-02 * "Good Moods Market" "Buying groceries"
  Liabilities:US:Chase:Slate                       -66.54 USD
  Expenses:Food:Groceries                           66.54 USD

2020-09-03 * "China Garden" "Eating out "
  Liabilities:US:Chase:Slate                       -50.35 USD
  Expenses:Food:Restaurant                          50.35 USD

2020-09-06 balance Liabilities:US:Chase:Slate    -2522.68 USD

2020-09-07 * "Kin Soy" "Eating out "
  Liabilities:US:Chase:Slate                       -21.76 USD
  Expenses:Food:Restaurant                          21.76 USD

2020-09-09 * "Jewel of Morroco" "Eating out with Bill"
  Liabilities:US:Chase:Slate                       -26.72 USD
  Expenses:Food:Restaurant                          26.72 USD

2020-09-10 * "Metro Transport Authority" "Tram tickets"
  Liabilities:US:Chase:Slate                      -120.00 USD
  Expenses:Transport:Tram                          120.00 USD

2020-09-11 * "Chase:Slate" "Paying off credit card"
  Liabilities:US:Chase:Slate                       793.48 USD
  Assets:US:BofA:Checking                         -793.48 USD

2020-09-12 * "Goba Goba" "Eating out with Julie"
  Liabilities:US:Chase:Slate                       -58.37 USD
  Expenses:Food:Restaurant                          58.37 USD

2020-09-16 * "Onion Market" "Buying groceries"
  Liabilities:US:Chase:Slate                       -79.16 USD
  Expenses:Food:Groceries                           79.16 USD

2020-09-17 * "Goba Goba" "Eating out "
  Liabilities:US:Chase:Slate                       -24.59 USD
  Expenses:Food:Restaurant                          24.59 USD

2020-09-19 * "China Garden" "Eating out after work"
  Liabilities:US:Chase:Slate                       -23.21 USD
  Expenses:Food:Restaurant                          23.21 USD

2020-09-22 * "Farmer Fresh" "Buying groceries"
  Liabilities:US:Chase:Slate                       -65.51 USD
  Expenses:Food:Groceries                           65.51 USD

2020-09-24 * "Cafe Modagor" "Eating out after work"
  Liabilities:US:Chase:Slate                       -31.18 USD
  Expenses:Food:Restaurant                          31.18 USD

2020-09-28 * "Jewel of Morroco" "Eating out with work buddies"
  Liabilities:US:Chase:Slate                       -22.61 USD
  Expenses:Food:Restaurant                          22.61 USD

2020-10-01 * "Rose Flower" "Eating out after work"
  Liabilities:US:Chase:Slate                       -42.23 USD
  Expenses:Food:Restaurant                          42.23 USD

2020-10-04 * "Uncle Boons" "Eating out "
  Liabilities:US:Chase:Slate                       -26.16 USD
  Expenses:Food:Restaurant                          26.16 USD

2020-10-05 balance Liabilities:US:Chase:Slate    -2270.70 USD

2020-10-05 * "Rose Flower" "Eating out with Julie"
  Liabilities:US:Chase:Slate                       -34.20 USD
  Expenses:Food:Restaurant                          34.20 USD

2020-10-07 * "Metro Transport Authority" "Tram tickets"
  Liabilities:US:Chase:Slate                      -120.00 USD
  Expenses:Transport:Tram                          120.00 USD

2020-10-08 * "Farmer Fresh" "Buying groceries"
  Liabilities:US:Chase:Slate                      -120.96 USD
  Expenses:Food:Groceries                          120.96 USD

2020-10-09 * "Goba Goba" "Eating out with Bill"
  Liabilities:US:Chase:Slate                       -31.95 USD
  Expenses:Food:Restaurant                          31.95 USD

2020-10-11 * "Chase:Slate" "Paying off credit card"
  Liabilities:US:Chase:Slate                       656.73 USD
  Assets:US:BofA:Checking                         -656.73 USD

2020-10-14 * "Rose Flower" "Eating out with work buddies"
  Liabilities:US:Chase:Slate                       -34.97 USD
  Expenses:Food:Restaurant                          34.97 USD

2020-10-15 * "Uncle Boons" "Eating out with work buddies"
  Liabilities:US:Chase:Slate                       -78.15 USD
  Expenses:Food:Restaurant                          78.15 USD

2020-10-17 * "Farmer Fresh" "Buying groceries"
  Liabilities:US:Chase:Slate                       -61.54 USD
  Expenses:Food:Groceries                           61.54 USD

2020-10-18 * "Jewel of Morroco" "Eating out with Bill"
  Liabilities:US:Chase:Slate                       -47.32 USD
  Expenses:Food:Restaurant                          47.32 USD

2020-10-22 * "Chichipotle" "Eating out "
  Liabilities:US:Chase:Slate                       -19.67 USD
  Expenses:Food:Restaurant                          19.67 USD

2020-10-23 * "Goba Goba" "Eating out after work"
  Liabilities:US:Chase:Slate                       -46.17 USD
  Expenses:Food:Restaurant                          46.17 USD

2020-10-28 * "Cafe Modagor" "Eating out with work buddies"
  Liabilities:US:Chase:Slate                       -27.68 USD
  Expenses:Food:Restaurant                          27.68 USD

2020-10-29 * "Jewel of Morroco" "Eating out "
  Liabilities:US:Chase:Slate                       -23.82 USD
  Expenses:Food:Restaurant                          23.82 USD

2020-11-01 balance Liabilities:US:Chase:Slate    -2260.40 USD

2020-11-02 * "Cafe Modagor" "Eating out "
  Liabilities:US:Chase:Slate                       -30.02 USD
  Expenses:Food:Restaurant                          30.02 USD

2020-11-04 * "Onion Market" "Buying groceries"
  Liabilities:US:Chase:Slate                       -77.41 USD
  Expenses:Food:Groceries                           77.41 USD

2020-11-06 * "Metro Transport Authority" "Tram tickets"
  Liabilities:US:Chase:Slate                      -120.00 USD
  Expenses:Transport:Tram                          120.00 USD

2020-11-07 * "Goba Goba" "Eating out with work buddies"
  Liabilities:US:Chase:Slate                       -50.02 USD
  Expenses:Food:Restaurant                          50.02 USD

2020-11-11 * "China Garden" "Eating out "
  Liabilities:US:Chase:Slate                       -25.89 USD
  Expenses:Food:Restaurant                          25.89 USD

2020-11-11 * "Chase:Slate" "Paying off credit card"
  Liabilities:US:Chase:Slate                       607.69 USD
  Assets:US:BofA:Checking                         -607.69 USD

2020-11-12 * "Onion Market" "Buying groceries"
  Liabilities:US:Chase:Slate                       -83.05 USD
  Expenses:Food:Groceries                           83.05 USD

2020-11-15 * "Jewel of Morroco" "Eating out alone"
  Liabilities:US:Chase:Slate                       -19.63 USD
  Expenses:Food:Restaurant                          19.63 USD

2020-11-19 * "Jewel of Morroco" "Eating out with Bill"
  Liabilities:US:Chase:Slate                       -31.19 USD
  Expenses:Food:Restaurant                          31.19 USD

2020-11-23 * "Uncle Boons" "Eating out after work"
  Liabilities:US:Chase:Slate                       -27.26 USD
  Expenses:Food:Restaurant                          27.26 USD

2020-11-23 * "Good Moods Market" "Buying groceries"
  Liabilities:US:Chase:Slate                       -82.34 USD
  Expenses:Food:Groceries                           82.34 USD

2020-11-24 balance Liabilities:US:Chase:Slate    -2199.52 USD

2020-11-24 * "China Garden" "Eating out with Bill"
  Liabilities:US:Chase:Slate                       -26.36 USD
  Expenses:Food:Restaurant                          26.36 USD

2020-11-29 * "Uncle Boons" "Eating out with Julie"
  Liabilities:US:Chase:Slate                       -60.45 USD
  Expenses:Food:Restaurant                          60.45 USD

2020-12-01 * "Rose Flower" "Eating out with Joe"
  Liabilities:US:Chase:Slate                       -33.31 USD
  Expenses:Food:Restaurant                          33.31 USD

2020-12-01 * "Corner Deli" "Buying groceries"
  Liabilities:US:Chase:Slate                       -70.86 USD
  Expenses:Food:Groceries                           70.86 USD

2020-12-05 * "Kin Soy" "Eating out with Joe"
  Liabilities:US:Chase:Slate                       -43.27 USD
  Expenses:Food:Restaurant                          43.27 USD

2020-12-05 * "Metro Transport Authority" "Tram tickets"
  Liabilities:US:Chase:Slate                      -120.00 USD
  Expenses:Transport:Tram                          120.00 USD

2020-12-10 * "China Garden" "Eating out "
  Liabilities:US:Chase:Slate                       -34.59 USD
  Expenses:Food:Restaurant                          34.59 USD

2020-12-15 * "Kin Soy" "Eating out with Julie"
  Liabilities:US:Chase:Slate                       -24.35 USD
  Expenses:Food:Restaurant                          24.35 USD

2020-12-19 balance Liabilities:US:Chase:Slate    -2612.71 USD

2020-12-19 * "Uncle Boons" "Eating out after work"
  Liabilities:US:Chase:Slate                       -39.94 USD
  Expenses:Food:Restaurant                          39.94 USD

2020-12-21 * "Jewel of Morroco" "Eating out after work"
  Liabilities:US:Chase:Slate                       -22.14 USD
  Expenses:Food:Restaurant                          22.14 USD

2020-12-21 * "Farmer Fresh" "Buying groceries"
  Liabilities:US:Chase:Slate                       -60.88 USD
  Expenses:Food:Groceries                           60.88 USD

2020-12-25 * "Rose Flower" "Eating out after work"
  Liabilities:US:Chase:Slate                       -23.19 USD
  Expenses:Food:Restaurant                          23.19 USD

2020-12-29 * "Chichipotle" "Eating out after work"
  Liabilities:US:Chase:Slate                       -30.05 USD
  Expenses:Food:Restaurant                          30.05 USD



* Taxable Investments

2018-01-01 open Assets:US:ETrade:Cash                       USD
2018-01-01 open Assets:US:ETrade:ITOT                       ITOT
2018-01-01 open Assets:US:ETrade:VEA                       VEA
2018-01-01 open Assets:US:ETrade:VHT                       VHT
2018-01-01 open Assets:US:ETrade:GLD                       GLD
2018-01-01 open Income:US:ETrade:PnL                        USD
2018-01-01 open Income:US:ETrade:ITOT:Dividend              USD
2018-01-01 open Income:US:ETrade:VEA:Dividend              USD
2018-01-01 open Income:US:ETrade:VHT:Dividend              USD
2018-01-01 open Income:US:ETrade:GLD:Dividend              USD

2018-09-18 * "Dividends on portfolio"
  Assets:US:ETrade:Cash                              0.00 USD
  Income:US:ETrade:VEA:Dividend                      0.00 USD

2018-10-14 * "Buy shares of VEA"
  Assets:US:ETrade:Cash                           -850.07 USD                         
  Assets:US:ETrade:VEA                                 14 VEA {60.08 USD, 2018-10-14}
  Expenses:Financial:Commissions                     8.95 USD                         

2018-10-14 * "Buy shares of ITOT"
  Assets:US:ETrade:Cash                           -850.15 USD                         
  Assets:US:ETrade:ITOT                                12 ITOT {70.10 USD, 2018-10-14}
  Expenses:Financial:Commissions                     8.95 USD                         

2018-10-14 * "Buy shares of GLD"
  Assets:US:ETrade:Cash                           -864.58 USD                         
  Assets:US:ETrade:GLD                                  9 GLD {95.07 USD, 2018-10-14}
  Expenses:Financial:Commissions                     8.95 USD                         

2018-10-14 * "Buy shares of VHT"
  Assets:US:ETrade:Cash                           -802.99 USD                          
  Assets:US:ETrade:VHT                                  4 VHT {198.51 USD, 2018-10-14}
  Expenses:Financial:Commissions                     8.95 USD                          

2018-10-31 * "Sell shares of VEA"
  Assets:US:ETrade:VEA                                -14 VEA {60.08 USD, 2018-10-14} @ 61.10 USD
  Assets:US:ETrade:Cash                            846.45 USD                                     
  Expenses:Financial:Commissions                     8.95 USD                                     
  Income:US:ETrade:PnL                             -14.28 USD                                     

2018-11-03 * "Sell shares of VHT"
  Assets:US:ETrade:VHT                                 -4 VHT {198.51 USD, 2018-10-14} @ 201.30 USD
  Assets:US:ETrade:Cash                            796.25 USD                                       
  Expenses:Financial:Commissions                     8.95 USD                                       
  Income:US:ETrade:PnL                             -11.16 USD                                       

2018-11-13 * "Buy shares of VHT"
  Assets:US:ETrade:Cash                          -3268.47 USD                          
  Assets:US:ETrade:VHT                                 16 VHT {203.72 USD, 2018-11-13}
  Expenses:Financial:Commissions                     8.95 USD                          

2018-11-13 * "Buy shares of ITOT"
  Assets:US:ETrade:Cash                          -3249.91 USD                         
  Assets:US:ETrade:ITOT                                48 ITOT {67.52 USD, 2018-11-13}
  Expenses:Financial:Commissions                     8.95 USD                         

2018-11-28 * "Sell shares of VHT"
  Assets:US:ETrade:VHT                                -16 VHT {203.72 USD, 2018-11-13} @ 206.31 USD
  Assets:US:ETrade:Cash                           3292.01 USD                                       
  Expenses:Financial:Commissions                     8.95 USD                                       
  Income:US:ETrade:PnL                             -41.44 USD                                       

2018-12-04 * "Buy shares of GLD"
  Assets:US:ETrade:Cash                           -790.07 USD                         
  Assets:US:ETrade:GLD                                  8 GLD {97.64 USD, 2018-12-04}
  Expenses:Financial:Commissions                     8.95 USD                         

2018-12-04 * "Buy shares of VHT"
  Assets:US:ETrade:Cash                           -629.26 USD                          
  Assets:US:ETrade:VHT                                  3 VHT {206.77 USD, 2018-12-04}
  Expenses:Financial:Commissions                     8.95 USD                          

2018-12-04 * "Buy shares of ITOT"
  Assets:US:ETrade:Cash                           -757.61 USD                         
  Assets:US:ETrade:ITOT                                11 ITOT {68.06 USD, 2018-12-04}
  Expenses:Financial:Commissions                     8.95 USD                         

2018-12-04 * "Buy shares of VEA"
  Assets:US:ETrade:Cash                           -751.15 USD                         
  Assets:US:ETrade:VEA                                 12 VEA {61.85 USD, 2018-12-04}
  Expenses:Financial:Commissions                     8.95 USD                         

2018-12-17 * "Dividends on portfolio"
  Assets:US:ETrade:Cash                             50.90 USD
  Income:US:ETrade:VHT:Dividend                    -50.90 USD

2019-03-18 * "Dividends on portfolio"
  Assets:US:ETrade:Cash                             50.90 USD
  Income:US:ETrade:ITOT:Dividend                   -50.90 USD

2019-05-06 * "Sell shares of VEA"
  Assets:US:ETrade:VEA                                -12 VEA {61.85 USD, 2018-12-04} @ 58.03 USD
  Assets:US:ETrade:Cash                            687.41 USD                                     
  Expenses:Financial:Commissions                     8.95 USD                                     
  Income:US:ETrade:PnL                              45.84 USD                                     

2019-05-16 * "Buy shares of VEA"
  Assets:US:ETrade:Cash                           -357.31 USD                         
  Assets:US:ETrade:VEA                                  6 VEA {58.06 USD, 2019-05-16}
  Expenses:Financial:Commissions                     8.95 USD                         

2019-05-16 * "Buy shares of GLD"
  Assets:US:ETrade:Cash                           -388.07 USD                         
  Assets:US:ETrade:GLD                                  4 GLD {94.78 USD, 2019-05-16}
  Expenses:Financial:Commissions                     8.95 USD                         

2019-05-16 * "Buy shares of ITOT"
  Assets:US:ETrade:Cash                           -365.25 USD                         
  Assets:US:ETrade:ITOT                                 5 ITOT {71.26 USD, 2019-05-16}
  Expenses:Financial:Commissions                     8.95 USD                         

2019-06-18 * "Dividends on portfolio"
  Assets:US:ETrade:Cash                             55.23 USD
  Income:US:ETrade:VEA:Dividend                    -55.23 USD

2019-06-30 * "Sell shares of GLD"
  Assets:US:ETrade:GLD                                 -8 GLD {97.64 USD, 2018-12-04} @ 87.72 USD
  Assets:US:ETrade:Cash                            692.81 USD                                     
  Expenses:Financial:Commissions                     8.95 USD                                     
  Income:US:ETrade:PnL                              79.36 USD                                     

2019-07-04 * "Sell shares of ITOT"
  Assets:US:ETrade:ITOT                               -48 ITOT {67.52 USD, 2018-11-13} @ 69.52 USD
  Assets:US:ETrade:Cash                           3328.01 USD                                     
  Expenses:Financial:Commissions                     8.95 USD                                     
  Income:US:ETrade:PnL                             -96.00 USD                                     

2019-07-20 * "Buy shares of VHT"
  Assets:US:ETrade:Cash                          -1941.25 USD                          
  Assets:US:ETrade:VHT                                  9 VHT {214.70 USD, 2019-07-20}
  Expenses:Financial:Commissions                     8.95 USD                          

2019-07-20 * "Buy shares of ITOT"
  Assets:US:ETrade:Cash                          -2082.55 USD                         
  Assets:US:ETrade:ITOT                                30 ITOT {69.12 USD, 2019-07-20}
  Expenses:Financial:Commissions                     8.95 USD                         

2019-08-28 * "Sell shares of ITOT"
  Assets:US:ETrade:ITOT                               -30 ITOT {69.12 USD, 2019-07-20} @ 73.11 USD
  Assets:US:ETrade:Cash                           2184.35 USD                                     
  Expenses:Financial:Commissions                     8.95 USD                                     
  Income:US:ETrade:PnL                            -119.70 USD                                     

2019-09-04 * "Buy shares of VEA"
  Assets:US:ETrade:Cash                          -1056.61 USD                         
  Assets:US:ETrade:VEA                                 19 VEA {55.14 USD, 2019-09-04}
  Expenses:Financial:Commissions                     8.95 USD                         

2019-09-04 * "Buy shares of GLD"
  Assets:US:ETrade:Cash                          -1061.11 USD                         
  Assets:US:ETrade:GLD                                 12 GLD {87.68 USD, 2019-09-04}
  Expenses:Financial:Commissions                     8.95 USD                         

2019-09-18 * "Sell shares of GLD"
  Assets:US:ETrade:GLD                                 -9 GLD {95.07 USD, 2018-10-14} @ 90.08 USD
  Assets:US:ETrade:Cash                            801.77 USD                                     
  Expenses:Financial:Commissions                     8.95 USD                                     
  Income:US:ETrade:PnL                              44.91 USD                                     

2019-09-18 * "Dividends on portfolio"
  Assets:US:ETrade:Cash                             79.66 USD
  Income:US:ETrade:GLD:Dividend                    -79.66 USD

2019-09-19 * "Buy shares of VEA"
  Assets:US:ETrade:Cash                          -5467.95 USD                         
  Assets:US:ETrade:VEA                                100 VEA {54.59 USD, 2019-09-19}
  Expenses:Financial:Commissions                     8.95 USD                         

2019-11-08 * "Buy shares of ITOT"
  Assets:US:ETrade:Cash                          -3451.90 USD                         
  Assets:US:ETrade:ITOT                                45 ITOT {76.51 USD, 2019-11-08}
  Expenses:Financial:Commissions                     8.95 USD                         

2019-12-17 * "Dividends on portfolio"
  Assets:US:ETrade:Cash                            115.26 USD
  Income:US:ETrade:GLD:Dividend                   -115.26 USD

2020-03-17 * "Dividends on portfolio"
  Assets:US:ETrade:Cash                            115.26 USD
  Income:US:ETrade:GLD:Dividend                   -115.26 USD

2020-04-01 * "Sell shares of VEA"
  Assets:US:ETrade:VEA                               -100 VEA {54.59 USD, 2019-09-19} @ 59.27 USD
  Assets:US:ETrade:Cash                           5918.05 USD                                     
  Expenses:Financial:Commissions                     8.95 USD                                     
  Income:US:ETrade:PnL                            -468.00 USD                                     

2020-04-24 * "Buy shares of ITOT"
  Assets:US:ETrade:Cash                          -1460.95 USD                         
  Assets:US:ETrade:ITOT                                20 ITOT {72.60 USD, 2020-04-24}
  Expenses:Financial:Commissions                     8.95 USD                         

2020-04-24 * "Buy shares of VEA"
  Assets:US:ETrade:Cash                          -1470.79 USD                         
  Assets:US:ETrade:VEA                                 24 VEA {60.91 USD, 2020-04-24}
  Expenses:Financial:Commissions                     8.95 USD                         

2020-04-24 * "Buy shares of VHT"
  Assets:US:ETrade:Cash                          -1445.83 USD                          
  Assets:US:ETrade:VHT                                  6 VHT {239.48 USD, 2020-04-24}
  Expenses:Financial:Commissions                     8.95 USD                          

2020-04-24 * "Buy shares of GLD"
  Assets:US:ETrade:Cash                          -1430.05 USD                         
  Assets:US:ETrade:GLD                                 15 GLD {94.74 USD, 2020-04-24}
  Expenses:Financial:Commissions                     8.95 USD                         

2020-06-08 * "Sell shares of VHT"
  Assets:US:ETrade:VHT                                 -9 VHT {214.70 USD, 2019-07-20} @ 252.18 USD
  Assets:US:ETrade:Cash                           2260.67 USD                                       
  Expenses:Financial:Commissions                     8.95 USD                                       
  Income:US:ETrade:PnL                            -337.32 USD                                       

2020-06-17 * "Dividends on portfolio"
  Assets:US:ETrade:Cash                            138.35 USD
  Income:US:ETrade:VEA:Dividend                   -138.35 USD

2020-06-23 * "Buy shares of VHT"
  Assets:US:ETrade:Cash                           -507.57 USD                          
  Assets:US:ETrade:VHT                                  2 VHT {249.31 USD, 2020-06-23}
  Expenses:Financial:Commissions                     8.95 USD                          

2020-06-23 * "Buy shares of ITOT"
  Assets:US:ETrade:Cash                           -607.27 USD                         
  Assets:US:ETrade:ITOT                                 8 ITOT {74.79 USD, 2020-06-23}
  Expenses:Financial:Commissions                     8.95 USD                         

2020-06-23 * "Buy shares of GLD"
  Assets:US:ETrade:Cash                           -516.15 USD                          
  Assets:US:ETrade:GLD                                  5 GLD {101.44 USD, 2020-06-23}
  Expenses:Financial:Commissions                     8.95 USD                          

2020-06-23 * "Buy shares of VEA"
  Assets:US:ETrade:Cash                           -573.61 USD                         
  Assets:US:ETrade:VEA                                  9 VEA {62.74 USD, 2020-06-23}
  Expenses:Financial:Commissions                     8.95 USD                         

2020-06-28 * "Sell shares of ITOT"
  Assets:US:ETrade:ITOT                               -45 ITOT {76.51 USD, 2019-11-08} @ 75.65 USD
  Assets:US:ETrade:Cash                           3395.30 USD                                     
  Expenses:Financial:Commissions                     8.95 USD                                     
  Income:US:ETrade:PnL                              38.70 USD                                     

2020-07-15 * "Buy shares of VHT"
  Assets:US:ETrade:Cash                          -1765.46 USD                          
  Assets:US:ETrade:VHT                                  7 VHT {250.93 USD, 2020-07-15}
  Expenses:Financial:Commissions                     8.95 USD                          

2020-07-15 * "Buy shares of VEA"
  Assets:US:ETrade:Cash                          -1747.75 USD                         
  Assets:US:ETrade:VEA                                 27 VEA {64.40 USD, 2020-07-15}
  Expenses:Financial:Commissions                     8.95 USD                         

2020-08-10 * "Sell shares of ITOT"
  Assets:US:ETrade:ITOT                                -8 ITOT {74.79 USD, 2020-06-23} @ 72.60 USD
  Assets:US:ETrade:Cash                            571.85 USD                                     
  Expenses:Financial:Commissions                     8.95 USD                                     
  Income:US:ETrade:PnL                              17.52 USD                                     

2020-08-28 * "Buy shares of VHT"
  Assets:US:ETrade:Cash                          -3588.33 USD                          
  Assets:US:ETrade:VHT                                 14 VHT {255.67 USD, 2020-08-28}
  Expenses:Financial:Commissions                     8.95 USD                          

2020-09-05 * "Sell shares of VHT"
  Assets:US:ETrade:VHT                                -14 VHT {255.67 USD, 2020-08-28} @ 256.37 USD
  Assets:US:ETrade:Cash                           3580.23 USD                                       
  Expenses:Financial:Commissions                     8.95 USD                                       
  Income:US:ETrade:PnL                              -9.80 USD                                       

2020-09-17 * "Dividends on portfolio"
  Assets:US:ETrade:Cash                            175.33 USD
  Income:US:ETrade:VHT:Dividend                   -175.33 USD

2020-09-24 * "Buy shares of ITOT"
  Assets:US:ETrade:Cash                          -1749.59 USD                         
  Assets:US:ETrade:ITOT                                22 ITOT {79.12 USD, 2020-09-24}
  Expenses:Financial:Commissions                     8.95 USD                         

2020-09-24 * "Buy shares of GLD"
  Assets:US:ETrade:Cash                          -1783.99 USD                          
  Assets:US:ETrade:GLD                                 16 GLD {110.94 USD, 2020-09-24}
  Expenses:Financial:Commissions                     8.95 USD                          

2020-10-14 * "Buy shares of ITOT"
  Assets:US:ETrade:Cash                          -3692.81 USD                         
  Assets:US:ETrade:ITOT                                47 ITOT {78.38 USD, 2020-10-14}
  Expenses:Financial:Commissions                     8.95 USD                         

2020-12-05 * "Buy shares of VHT"
  Assets:US:ETrade:Cash                          -1088.19 USD                          
  Assets:US:ETrade:VHT                                  4 VHT {269.81 USD, 2020-12-05}
  Expenses:Financial:Commissions                     8.95 USD                          

2020-12-05 * "Buy shares of GLD"
  Assets:US:ETrade:Cash                          -1050.79 USD                          
  Assets:US:ETrade:GLD                                  9 GLD {115.76 USD, 2020-12-05}
  Expenses:Financial:Commissions                     8.95 USD                          

2020-12-05 * "Buy shares of ITOT"
  Assets:US:ETrade:Cash                          -1051.55 USD                         
  Assets:US:ETrade:ITOT                                13 ITOT {80.20 USD, 2020-12-05}
  Expenses:Financial:Commissions                     8.95 USD                         

2020-12-05 * "Buy shares of VEA"
  Assets:US:ETrade:Cash                          -1102.39 USD                         
  Assets:US:ETrade:VEA                                 17 VEA {64.32 USD, 2020-12-05}
  Expenses:Financial:Commissions                     8.95 USD                         

2020-12-17 * "Dividends on portfolio"
  Assets:US:ETrade:Cash                            221.15 USD
  Income:US:ETrade:GLD:Dividend                   -221.15 USD

2020-12-26 * "Buy shares of VHT"
  Assets:US:ETrade:Cash                          -1883.97 USD                          
  Assets:US:ETrade:VHT                                  7 VHT {267.86 USD, 2020-12-26}
  Expenses:Financial:Commissions                     8.95 USD                          

2020-12-26 * "Buy shares of VEA"
  Assets:US:ETrade:Cash                          -1872.49 USD                         
  Assets:US:ETrade:VEA                                 29 VEA {64.26 USD, 2020-12-26}
  Expenses:Financial:Commissions                     8.95 USD                         

2020-12-26 * "Buy shares of ITOT"
  Assets:US:ETrade:Cash                          -1885.98 USD                         
  Assets:US:ETrade:ITOT                                23 ITOT {81.61 USD, 2020-12-26}
  Expenses:Financial:Commissions                     8.95 USD                         



* Vanguard Investments

2018-01-01 open Assets:US:Vanguard:VBMPX                     VBMPX
  number: "882882"
2018-01-01 open Assets:US:Vanguard:RGAGX                     RGAGX
  number: "882882"
2018-01-01 open Assets:US:Vanguard                            USD
  address: "P.O. Box 1110, Valley Forge, PA 19482-1110"
  institution: "Vanguard Group"
  phone: "+1.800.523.1188"
2018-01-01 open Income:US:Hoogle:Match401k                   USD
2018-01-01 open Assets:US:Vanguard:Cash                       USD
  number: "882882"

2018-01-05 * "Employer match for contribution"
  Assets:US:Vanguard:Cash                          600.00 USD
  Income:US:Hoogle:Match401k                      -600.00 USD

2018-01-08 * "Investing 40% of cash in VBMPX"
  Assets:US:Vanguard:VBMPX                          6.109 VBMPX {78.57 USD, 2018-01-08}
  Assets:US:Vanguard:Cash                         -479.98 USD                           

2018-01-08 * "Investing 60% of cash in RGAGX"
  Assets:US:Vanguard:RGAGX                          6.216 RGAGX {115.83 USD, 2018-01-08}
  Assets:US:Vanguard:Cash                         -720.00 USD                            

2018-01-08 * "Investing 40% of cash in VBMPX"
  Assets:US:Vanguard:VBMPX                          3.055 VBMPX {78.57 USD, 2018-01-08}
  Assets:US:Vanguard:Cash                         -240.03 USD                           

2018-01-08 * "Investing 60% of cash in RGAGX"
  Assets:US:Vanguard:RGAGX                          3.108 RGAGX {115.83 USD, 2018-01-08}
  Assets:US:Vanguard:Cash                         -360.00 USD                            

2018-01-19 * "Employer match for contribution"
  Assets:US:Vanguard:Cash                          600.00 USD
  Income:US:Hoogle:Match401k                      -600.00 USD

2018-01-22 * "Investing 40% of cash in VBMPX"
  Assets:US:Vanguard:VBMPX                          5.840 VBMPX {82.19 USD, 2018-01-22}
  Assets:US:Vanguard:Cash                         -479.99 USD                           

2018-01-22 * "Investing 60% of cash in RGAGX"
  Assets:US:Vanguard:RGAGX                          6.014 RGAGX {119.72 USD, 2018-01-22}
  Assets:US:Vanguard:Cash                         -720.00 USD                            

2018-01-22 * "Investing 40% of cash in VBMPX"
  Assets:US:Vanguard:VBMPX                          2.920 VBMPX {82.19 USD, 2018-01-22}
  Assets:US:Vanguard:Cash                         -239.99 USD                           

2018-01-22 * "Investing 60% of cash in RGAGX"
  Assets:US:Vanguard:RGAGX                          3.007 RGAGX {119.72 USD, 2018-01-22}
  Assets:US:Vanguard:Cash                         -360.00 USD                            

2018-02-02 * "Employer match for contribution"
  Assets:US:Vanguard:Cash                          600.00 USD
  Income:US:Hoogle:Match401k                      -600.00 USD

2018-02-05 * "Investing 40% of cash in VBMPX"
  Assets:US:Vanguard:VBMPX                          5.633 VBMPX {85.22 USD, 2018-02-05}
  Assets:US:Vanguard:Cash                         -480.04 USD                           

2018-02-05 * "Investing 60% of cash in RGAGX"
  Assets:US:Vanguard:RGAGX                          6.145 RGAGX {117.16 USD, 2018-02-05}
  Assets:US:Vanguard:Cash                         -719.95 USD                            

2018-02-05 * "Investing 40% of cash in VBMPX"
  Assets:US:Vanguard:VBMPX                          2.816 VBMPX {85.22 USD, 2018-02-05}
  Assets:US:Vanguard:Cash                         -239.98 USD                           

2018-02-05 * "Investing 60% of cash in RGAGX"
  Assets:US:Vanguard:RGAGX                          3.073 RGAGX {117.16 USD, 2018-02-05}
  Assets:US:Vanguard:Cash                         -360.03 USD                            

2018-02-16 * "Employer match for contribution"
  Assets:US:Vanguard:Cash                          600.00 USD
  Income:US:Hoogle:Match401k                      -600.00 USD

2018-02-19 * "Investing 40% of cash in VBMPX"
  Assets:US:Vanguard:VBMPX                          5.815 VBMPX {82.55 USD, 2018-02-19}
  Assets:US:Vanguard:Cash                         -480.03 USD                           

2018-02-19 * "Investing 60% of cash in RGAGX"
  Assets:US:Vanguard:RGAGX                          6.251 RGAGX {115.19 USD, 2018-02-19}
  Assets:US:Vanguard:Cash                         -720.05 USD                            

2018-02-19 * "Investing 40% of cash in VBMPX"
  Assets:US:Vanguard:VBMPX                          2.907 VBMPX {82.55 USD, 2018-02-19}
  Assets:US:Vanguard:Cash                         -239.97 USD                           

2018-02-19 * "Investing 60% of cash in RGAGX"
  Assets:US:Vanguard:RGAGX                          3.125 RGAGX {115.19 USD, 2018-02-19}
  Assets:US:Vanguard:Cash                         -359.97 USD                            

2018-03-02 * "Employer match for contribution"
  Assets:US:Vanguard:Cash                          600.00 USD
  Income:US:Hoogle:Match401k                      -600.00 USD

2018-03-05 * "Investing 40% of cash in VBMPX"
  Assets:US:Vanguard:VBMPX                          5.664 VBMPX {84.75 USD, 2018-03-05}
  Assets:US:Vanguard:Cash                         -480.02 USD                           

2018-03-05 * "Investing 60% of cash in RGAGX"
  Assets:US:Vanguard:RGAGX                          6.195 RGAGX {116.23 USD, 2018-03-05}
  Assets:US:Vanguard:Cash                         -720.04 USD                            

2018-03-05 * "Investing 40% of cash in VBMPX"
  Assets:US:Vanguard:VBMPX                          2.832 VBMPX {84.75 USD, 2018-03-05}
  Assets:US:Vanguard:Cash                         -240.01 USD                           

2018-03-05 * "Investing 60% of cash in RGAGX"
  Assets:US:Vanguard:RGAGX                          3.097 RGAGX {116.23 USD, 2018-03-05}
  Assets:US:Vanguard:Cash                         -359.96 USD                            

2018-03-16 * "Employer match for contribution"
  Assets:US:Vanguard:Cash                          600.00 USD
  Income:US:Hoogle:Match401k                      -600.00 USD

2018-03-19 * "Investing 40% of cash in VBMPX"
  Assets:US:Vanguard:VBMPX                          5.463 VBMPX {87.86 USD, 2018-03-19}
  Assets:US:Vanguard:Cash                         -479.98 USD                           

2018-03-19 * "Investing 60% of cash in RGAGX"
  Assets:US:Vanguard:RGAGX                          6.060 RGAGX {118.81 USD, 2018-03-19}
  Assets:US:Vanguard:Cash                         -719.99 USD                            

2018-03-19 * "Investing 40% of cash in VBMPX"
  Assets:US:Vanguard:VBMPX                          2.732 VBMPX {87.86 USD, 2018-03-19}
  Assets:US:Vanguard:Cash                         -240.03 USD                           

2018-03-19 * "Investing 60% of cash in RGAGX"
  Assets:US:Vanguard:RGAGX                          3.030 RGAGX {118.81 USD, 2018-03-19}
  Assets:US:Vanguard:Cash                         -359.99 USD                            

2018-03-30 * "Employer match for contribution"
  Assets:US:Vanguard:Cash                          600.00 USD
  Income:US:Hoogle:Match401k                      -600.00 USD

2018-04-02 * "Investing 40% of cash in VBMPX"
  Assets:US:Vanguard:VBMPX                          5.457 VBMPX {87.96 USD, 2018-04-02}
  Assets:US:Vanguard:Cash                         -480.00 USD                           

2018-04-02 * "Investing 60% of cash in RGAGX"
  Assets:US:Vanguard:RGAGX                          5.953 RGAGX {120.94 USD, 2018-04-02}
  Assets:US:Vanguard:Cash                         -719.96 USD                            

2018-04-02 * "Investing 40% of cash in VBMPX"
  Assets:US:Vanguard:VBMPX                          2.729 VBMPX {87.96 USD, 2018-04-02}
  Assets:US:Vanguard:Cash                         -240.04 USD                           

2018-04-02 * "Investing 60% of cash in RGAGX"
  Assets:US:Vanguard:RGAGX                          2.977 RGAGX {120.94 USD, 2018-04-02}
  Assets:US:Vanguard:Cash                         -360.04 USD                            

2018-04-13 * "Employer match for contribution"
  Assets:US:Vanguard:Cash                          600.00 USD
  Income:US:Hoogle:Match401k                      -600.00 USD

2018-04-16 * "Investing 40% of cash in VBMPX"
  Assets:US:Vanguard:VBMPX                          5.562 VBMPX {86.30 USD, 2018-04-16}
  Assets:US:Vanguard:Cash                         -480.00 USD                           

2018-04-16 * "Investing 60% of cash in RGAGX"
  Assets:US:Vanguard:RGAGX                          6.067 RGAGX {118.67 USD, 2018-04-16}
  Assets:US:Vanguard:Cash                         -719.97 USD                            

2018-04-16 * "Investing 40% of cash in VBMPX"
  Assets:US:Vanguard:VBMPX                          2.781 VBMPX {86.30 USD, 2018-04-16}
  Assets:US:Vanguard:Cash                         -240.00 USD                           

2018-04-16 * "Investing 60% of cash in RGAGX"
  Assets:US:Vanguard:RGAGX                          3.033 RGAGX {118.67 USD, 2018-04-16}
  Assets:US:Vanguard:Cash                         -359.93 USD                            

2018-04-27 * "Employer match for contribution"
  Assets:US:Vanguard:Cash                          600.00 USD
  Income:US:Hoogle:Match401k                      -600.00 USD

2018-04-30 * "Investing 40% of cash in VBMPX"
  Assets:US:Vanguard:VBMPX                          5.269 VBMPX {91.10 USD, 2018-04-30}
  Assets:US:Vanguard:Cash                         -480.01 USD                           

2018-04-30 * "Investing 60% of cash in RGAGX"
  Assets:US:Vanguard:RGAGX                          5.963 RGAGX {120.74 USD, 2018-04-30}
  Assets:US:Vanguard:Cash                         -719.97 USD                            

2018-04-30 * "Investing 40% of cash in VBMPX"
  Assets:US:Vanguard:VBMPX                          2.635 VBMPX {91.10 USD, 2018-04-30}
  Assets:US:Vanguard:Cash                         -240.05 USD                           

2018-04-30 * "Investing 60% of cash in RGAGX"
  Assets:US:Vanguard:RGAGX                          2.982 RGAGX {120.74 USD, 2018-04-30}
  Assets:US:Vanguard:Cash                         -360.05 USD                            

2018-05-11 * "Employer match for contribution"
  Assets:US:Vanguard:Cash                          600.00 USD
  Income:US:Hoogle:Match401k                      -600.00 USD

2018-05-14 * "Investing 40% of cash in VBMPX"
  Assets:US:Vanguard:VBMPX                          5.062 VBMPX {94.82 USD, 2018-05-14}
  Assets:US:Vanguard:Cash                         -479.98 USD                           

2018-05-14 * "Investing 60% of cash in RGAGX"
  Assets:US:Vanguard:RGAGX                          5.963 RGAGX {120.73 USD, 2018-05-14}
  Assets:US:Vanguard:Cash                         -719.91 USD                            

2018-05-14 * "Investing 40% of cash in VBMPX"
  Assets:US:Vanguard:VBMPX                          2.531 VBMPX {94.82 USD, 2018-05-14}
  Assets:US:Vanguard:Cash                         -239.99 USD                           

2018-05-14 * "Investing 60% of cash in RGAGX"
  Assets:US:Vanguard:RGAGX                          2.982 RGAGX {120.73 USD, 2018-05-14}
  Assets:US:Vanguard:Cash                         -360.02 USD                            

2018-05-25 * "Employer match for contribution"
  Assets:US:Vanguard:Cash                          600.00 USD
  Income:US:Hoogle:Match401k                      -600.00 USD

2018-05-28 * "Investing 40% of cash in VBMPX"
  Assets:US:Vanguard:VBMPX                          4.947 VBMPX {97.03 USD, 2018-05-28}
  Assets:US:Vanguard:Cash                         -480.01 USD                           

2018-05-28 * "Investing 60% of cash in RGAGX"
  Assets:US:Vanguard:RGAGX                          5.954 RGAGX {120.94 USD, 2018-05-28}
  Assets:US:Vanguard:Cash                         -720.08 USD                            

2018-05-28 * "Investing 40% of cash in VBMPX"
  Assets:US:Vanguard:VBMPX                          2.473 VBMPX {97.03 USD, 2018-05-28}
  Assets:US:Vanguard:Cash                         -239.96 USD                           

2018-05-28 * "Investing 60% of cash in RGAGX"
  Assets:US:Vanguard:RGAGX                          2.976 RGAGX {120.94 USD, 2018-05-28}
  Assets:US:Vanguard:Cash                         -359.92 USD                            

2018-06-08 * "Employer match for contribution"
  Assets:US:Vanguard:Cash                          600.00 USD
  Income:US:Hoogle:Match401k                      -600.00 USD

2018-06-11 * "Investing 40% of cash in VBMPX"
  Assets:US:Vanguard:VBMPX                          4.744 VBMPX {101.19 USD, 2018-06-11}
  Assets:US:Vanguard:Cash                         -480.05 USD                            

2018-06-11 * "Investing 60% of cash in RGAGX"
  Assets:US:Vanguard:RGAGX                          5.947 RGAGX {121.08 USD, 2018-06-11}
  Assets:US:Vanguard:Cash                         -720.06 USD                            

2018-06-11 * "Investing 40% of cash in VBMPX"
  Assets:US:Vanguard:VBMPX                          2.372 VBMPX {101.19 USD, 2018-06-11}
  Assets:US:Vanguard:Cash                         -240.02 USD                            

2018-06-11 * "Investing 60% of cash in RGAGX"
  Assets:US:Vanguard:RGAGX                          2.973 RGAGX {121.08 USD, 2018-06-11}
  Assets:US:Vanguard:Cash                         -359.97 USD                            

2018-06-22 * "Employer match for contribution"
  Assets:US:Vanguard:Cash                          600.00 USD
  Income:US:Hoogle:Match401k                      -600.00 USD

2018-06-25 * "Investing 40% of cash in VBMPX"
  Assets:US:Vanguard:VBMPX                          4.705 VBMPX {102.01 USD, 2018-06-25}
  Assets:US:Vanguard:Cash                         -479.96 USD                            

2018-06-25 * "Investing 60% of cash in RGAGX"
  Assets:US:Vanguard:RGAGX                          6.045 RGAGX {119.11 USD, 2018-06-25}
  Assets:US:Vanguard:Cash                         -720.02 USD                            

2018-06-25 * "Investing 40% of cash in VBMPX"
  Assets:US:Vanguard:VBMPX                          2.353 VBMPX {102.01 USD, 2018-06-25}
  Assets:US:Vanguard:Cash                         -240.03 USD                            

2018-06-25 * "Investing 60% of cash in RGAGX"
  Assets:US:Vanguard:RGAGX                          3.022 RGAGX {119.11 USD, 2018-06-25}
  Assets:US:Vanguard:Cash                         -359.95 USD                            

2018-07-06 * "Employer match for contribution"
  Assets:US:Vanguard:Cash                          600.00 USD
  Income:US:Hoogle:Match401k                      -600.00 USD

2018-07-09 * "Investing 40% of cash in VBMPX"
  Assets:US:Vanguard:VBMPX                          4.727 VBMPX {101.55 USD, 2018-07-09}
  Assets:US:Vanguard:Cash                         -480.03 USD                            

2018-07-09 * "Investing 60% of cash in RGAGX"
  Assets:US:Vanguard:RGAGX                          6.098 RGAGX {118.08 USD, 2018-07-09}
  Assets:US:Vanguard:Cash                         -720.05 USD                            

2018-07-09 * "Investing 40% of cash in VBMPX"
  Assets:US:Vanguard:VBMPX                          2.363 VBMPX {101.55 USD, 2018-07-09}
  Assets:US:Vanguard:Cash                         -239.96 USD                            

2018-07-09 * "Investing 60% of cash in RGAGX"
  Assets:US:Vanguard:RGAGX                          3.048 RGAGX {118.08 USD, 2018-07-09}
  Assets:US:Vanguard:Cash                         -359.91 USD                            

2018-07-20 * "Employer match for contribution"
  Assets:US:Vanguard:Cash                          600.00 USD
  Income:US:Hoogle:Match401k                      -600.00 USD

2018-07-23 * "Investing 40% of cash in VBMPX"
  Assets:US:Vanguard:VBMPX                          4.560 VBMPX {105.26 USD, 2018-07-23}
  Assets:US:Vanguard:Cash                         -479.99 USD                            

2018-07-23 * "Investing 60% of cash in RGAGX"
  Assets:US:Vanguard:RGAGX                          6.221 RGAGX {115.75 USD, 2018-07-23}
  Assets:US:Vanguard:Cash                         -720.08 USD                            

2018-07-23 * "Investing 40% of cash in VBMPX"
  Assets:US:Vanguard:VBMPX                          2.280 VBMPX {105.26 USD, 2018-07-23}
  Assets:US:Vanguard:Cash                         -239.99 USD                            

2018-07-23 * "Investing 60% of cash in RGAGX"
  Assets:US:Vanguard:RGAGX                          3.110 RGAGX {115.75 USD, 2018-07-23}
  Assets:US:Vanguard:Cash                         -359.98 USD                            

2018-08-03 * "Employer match for contribution"
  Assets:US:Vanguard:Cash                          250.00 USD
  Income:US:Hoogle:Match401k                      -250.00 USD

2018-08-06 * "Investing 40% of cash in VBMPX"
  Assets:US:Vanguard:VBMPX                          1.909 VBMPX {104.78 USD, 2018-08-06}
  Assets:US:Vanguard:Cash                         -200.03 USD                            

2018-08-06 * "Investing 60% of cash in RGAGX"
  Assets:US:Vanguard:RGAGX                          2.683 RGAGX {111.84 USD, 2018-08-06}
  Assets:US:Vanguard:Cash                         -300.07 USD                            

2018-08-06 * "Investing 40% of cash in VBMPX"
  Assets:US:Vanguard:VBMPX                          0.954 VBMPX {104.78 USD, 2018-08-06}
  Assets:US:Vanguard:Cash                          -99.96 USD                            

2018-08-06 * "Investing 60% of cash in RGAGX"
  Assets:US:Vanguard:RGAGX                          1.341 RGAGX {111.84 USD, 2018-08-06}
  Assets:US:Vanguard:Cash                         -149.98 USD                            

2019-01-04 * "Employer match for contribution"
  Assets:US:Vanguard:Cash                          600.00 USD
  Income:US:Hoogle:Match401k                      -600.00 USD

2019-01-07 * "Investing 40% of cash in VBMPX"
  Assets:US:Vanguard:VBMPX                          4.475 VBMPX {107.27 USD, 2019-01-07}
  Assets:US:Vanguard:Cash                         -480.03 USD                            

2019-01-07 * "Investing 60% of cash in RGAGX"
  Assets:US:Vanguard:RGAGX                          6.907 RGAGX {104.24 USD, 2019-01-07}
  Assets:US:Vanguard:Cash                         -719.99 USD                            

2019-01-07 * "Investing 40% of cash in VBMPX"
  Assets:US:Vanguard:VBMPX                          2.237 VBMPX {107.27 USD, 2019-01-07}
  Assets:US:Vanguard:Cash                         -239.96 USD                            

2019-01-07 * "Investing 60% of cash in RGAGX"
  Assets:US:Vanguard:RGAGX                          3.453 RGAGX {104.24 USD, 2019-01-07}
  Assets:US:Vanguard:Cash                         -359.94 USD                            

2019-01-18 * "Employer match for contribution"
  Assets:US:Vanguard:Cash                          600.00 USD
  Income:US:Hoogle:Match401k                      -600.00 USD

2019-01-21 * "Investing 40% of cash in VBMPX"
  Assets:US:Vanguard:VBMPX                          4.414 VBMPX {108.74 USD, 2019-01-21}
  Assets:US:Vanguard:Cash                         -479.98 USD                            

2019-01-21 * "Investing 60% of cash in RGAGX"
  Assets:US:Vanguard:RGAGX                          6.790 RGAGX {106.04 USD, 2019-01-21}
  Assets:US:Vanguard:Cash                         -720.01 USD                            

2019-01-21 * "Investing 40% of cash in VBMPX"
  Assets:US:Vanguard:VBMPX                          2.207 VBMPX {108.74 USD, 2019-01-21}
  Assets:US:Vanguard:Cash                         -239.99 USD                            

2019-01-21 * "Investing 60% of cash in RGAGX"
  Assets:US:Vanguard:RGAGX                          3.395 RGAGX {106.04 USD, 2019-01-21}
  Assets:US:Vanguard:Cash                         -360.01 USD                            

2019-02-01 * "Employer match for contribution"
  Assets:US:Vanguard:Cash                          600.00 USD
  Income:US:Hoogle:Match401k                      -600.00 USD

2019-02-04 * "Investing 40% of cash in VBMPX"
  Assets:US:Vanguard:VBMPX                          4.401 VBMPX {109.07 USD, 2019-02-04}
  Assets:US:Vanguard:Cash                         -480.02 USD                            

2019-02-04 * "Investing 60% of cash in RGAGX"
  Assets:US:Vanguard:RGAGX                          7.111 RGAGX {101.26 USD, 2019-02-04}
  Assets:US:Vanguard:Cash                         -720.06 USD                            

2019-02-04 * "Investing 40% of cash in VBMPX"
  Assets:US:Vanguard:VBMPX                          2.200 VBMPX {109.07 USD, 2019-02-04}
  Assets:US:Vanguard:Cash                         -239.95 USD                            

2019-02-04 * "Investing 60% of cash in RGAGX"
  Assets:US:Vanguard:RGAGX                          3.555 RGAGX {101.26 USD, 2019-02-04}
  Assets:US:Vanguard:Cash                         -359.98 USD                            

2019-02-15 * "Employer match for contribution"
  Assets:US:Vanguard:Cash                          600.00 USD
  Income:US:Hoogle:Match401k                      -600.00 USD

2019-02-18 * "Investing 40% of cash in VBMPX"
  Assets:US:Vanguard:VBMPX                          4.401 VBMPX {109.07 USD, 2019-02-18}
  Assets:US:Vanguard:Cash                         -480.02 USD                            

2019-02-18 * "Investing 60% of cash in RGAGX"
  Assets:US:Vanguard:RGAGX                          7.041 RGAGX {102.27 USD, 2019-02-18}
  Assets:US:Vanguard:Cash                         -720.08 USD                            

2019-02-18 * "Investing 40% of cash in VBMPX"
  Assets:US:Vanguard:VBMPX                          2.200 VBMPX {109.07 USD, 2019-02-18}
  Assets:US:Vanguard:Cash                         -239.95 USD                            

2019-02-18 * "Investing 60% of cash in RGAGX"
  Assets:US:Vanguard:RGAGX                          3.520 RGAGX {102.27 USD, 2019-02-18}
  Assets:US:Vanguard:Cash                         -359.99 USD                            

2019-03-01 * "Employer match for contribution"
  Assets:US:Vanguard:Cash                          600.00 USD
  Income:US:Hoogle:Match401k                      -600.00 USD

2019-03-04 * "Investing 40% of cash in VBMPX"
  Assets:US:Vanguard:VBMPX                          4.221 VBMPX {113.73 USD, 2019-03-04}
  Assets:US:Vanguard:Cash                         -480.05 USD                            

2019-03-04 * "Investing 60% of cash in RGAGX"
  Assets:US:Vanguard:RGAGX                          7.056 RGAGX {102.04 USD, 2019-03-04}
  Assets:US:Vanguard:Cash                         -719.99 USD                            

2019-03-04 * "Investing 40% of cash in VBMPX"
  Assets:US:Vanguard:VBMPX                          2.110 VBMPX {113.73 USD, 2019-03-04}
  Assets:US:Vanguard:Cash                         -239.97 USD                            

2019-03-04 * "Investing 60% of cash in RGAGX"
  Assets:US:Vanguard:RGAGX                          3.528 RGAGX {102.04 USD, 2019-03-04}
  Assets:US:Vanguard:Cash                         -360.00 USD                            

2019-03-15 * "Employer match for contribution"
  Assets:US:Vanguard:Cash                          600.00 USD
  Income:US:Hoogle:Match401k                      -600.00 USD

2019-03-18 * "Investing 40% of cash in VBMPX"
  Assets:US:Vanguard:VBMPX                          4.134 VBMPX {116.12 USD, 2019-03-18}
  Assets:US:Vanguard:Cash                         -480.04 USD                            

2019-03-18 * "Investing 60% of cash in RGAGX"
  Assets:US:Vanguard:RGAGX                          7.054 RGAGX {102.07 USD, 2019-03-18}
  Assets:US:Vanguard:Cash                         -720.00 USD                            

2019-03-18 * "Investing 40% of cash in VBMPX"
  Assets:US:Vanguard:VBMPX                          2.067 VBMPX {116.12 USD, 2019-03-18}
  Assets:US:Vanguard:Cash                         -240.02 USD                            

2019-03-18 * "Investing 60% of cash in RGAGX"
  Assets:US:Vanguard:RGAGX                          3.527 RGAGX {102.07 USD, 2019-03-18}
  Assets:US:Vanguard:Cash                         -360.00 USD                            

2019-03-29 * "Employer match for contribution"
  Assets:US:Vanguard:Cash                          600.00 USD
  Income:US:Hoogle:Match401k                      -600.00 USD

2019-04-01 * "Investing 40% of cash in VBMPX"
  Assets:US:Vanguard:VBMPX                          4.234 VBMPX {113.37 USD, 2019-04-01}
  Assets:US:Vanguard:Cash                         -480.01 USD                            

2019-04-01 * "Investing 60% of cash in RGAGX"
  Assets:US:Vanguard:RGAGX                          7.132 RGAGX {100.95 USD, 2019-04-01}
  Assets:US:Vanguard:Cash                         -719.98 USD                            

2019-04-01 * "Investing 40% of cash in VBMPX"
  Assets:US:Vanguard:VBMPX                          2.117 VBMPX {113.37 USD, 2019-04-01}
  Assets:US:Vanguard:Cash                         -240.00 USD                            

2019-04-01 * "Investing 60% of cash in RGAGX"
  Assets:US:Vanguard:RGAGX                          3.566 RGAGX {100.95 USD, 2019-04-01}
  Assets:US:Vanguard:Cash                         -359.99 USD                            

2019-04-12 * "Employer match for contribution"
  Assets:US:Vanguard:Cash                          600.00 USD
  Income:US:Hoogle:Match401k                      -600.00 USD

2019-04-15 * "Investing 40% of cash in VBMPX"
  Assets:US:Vanguard:VBMPX                          4.208 VBMPX {114.08 USD, 2019-04-15}
  Assets:US:Vanguard:Cash                         -480.05 USD                            

2019-04-15 * "Investing 60% of cash in RGAGX"
  Assets:US:Vanguard:RGAGX                          7.261 RGAGX {99.16 USD, 2019-04-15}
  Assets:US:Vanguard:Cash                         -720.00 USD                           

2019-04-15 * "Investing 40% of cash in VBMPX"
  Assets:US:Vanguard:VBMPX                          2.104 VBMPX {114.08 USD, 2019-04-15}
  Assets:US:Vanguard:Cash                         -240.02 USD                            

2019-04-15 * "Investing 60% of cash in RGAGX"
  Assets:US:Vanguard:RGAGX                          3.630 RGAGX {99.16 USD, 2019-04-15}
  Assets:US:Vanguard:Cash                         -359.95 USD                           

2019-04-26 * "Employer match for contribution"
  Assets:US:Vanguard:Cash                          600.00 USD
  Income:US:Hoogle:Match401k                      -600.00 USD

2019-04-29 * "Investing 40% of cash in VBMPX"
  Assets:US:Vanguard:VBMPX                          4.400 VBMPX {109.09 USD, 2019-04-29}
  Assets:US:Vanguard:Cash                         -480.00 USD                            

2019-04-29 * "Investing 60% of cash in RGAGX"
  Assets:US:Vanguard:RGAGX                          6.823 RGAGX {105.52 USD, 2019-04-29}
  Assets:US:Vanguard:Cash                         -719.96 USD                            

2019-04-29 * "Investing 40% of cash in VBMPX"
  Assets:US:Vanguard:VBMPX                          2.200 VBMPX {109.09 USD, 2019-04-29}
  Assets:US:Vanguard:Cash                         -240.00 USD                            

2019-04-29 * "Investing 60% of cash in RGAGX"
  Assets:US:Vanguard:RGAGX                          3.412 RGAGX {105.52 USD, 2019-04-29}
  Assets:US:Vanguard:Cash                         -360.03 USD                            

2019-05-10 * "Employer match for contribution"
  Assets:US:Vanguard:Cash                          600.00 USD
  Income:US:Hoogle:Match401k                      -600.00 USD

2019-05-13 * "Investing 40% of cash in VBMPX"
  Assets:US:Vanguard:VBMPX                          4.480 VBMPX {107.13 USD, 2019-05-13}
  Assets:US:Vanguard:Cash                         -479.94 USD                            

2019-05-13 * "Investing 60% of cash in RGAGX"
  Assets:US:Vanguard:RGAGX                          6.734 RGAGX {106.92 USD, 2019-05-13}
  Assets:US:Vanguard:Cash                         -720.00 USD                            

2019-05-13 * "Investing 40% of cash in VBMPX"
  Assets:US:Vanguard:VBMPX                          2.240 VBMPX {107.13 USD, 2019-05-13}
  Assets:US:Vanguard:Cash                         -239.97 USD                            

2019-05-13 * "Investing 60% of cash in RGAGX"
  Assets:US:Vanguard:RGAGX                          3.367 RGAGX {106.92 USD, 2019-05-13}
  Assets:US:Vanguard:Cash                         -360.00 USD                            

2019-05-24 * "Employer match for contribution"
  Assets:US:Vanguard:Cash                          600.00 USD
  Income:US:Hoogle:Match401k                      -600.00 USD

2019-05-27 * "Investing 40% of cash in VBMPX"
  Assets:US:Vanguard:VBMPX                          4.507 VBMPX {106.50 USD, 2019-05-27}
  Assets:US:Vanguard:Cash                         -480.00 USD                            

2019-05-27 * "Investing 60% of cash in RGAGX"
  Assets:US:Vanguard:RGAGX                          6.863 RGAGX {104.91 USD, 2019-05-27}
  Assets:US:Vanguard:Cash                         -720.00 USD                            

2019-05-27 * "Investing 40% of cash in VBMPX"
  Assets:US:Vanguard:VBMPX                          2.254 VBMPX {106.50 USD, 2019-05-27}
  Assets:US:Vanguard:Cash                         -240.05 USD                            

2019-05-27 * "Investing 60% of cash in RGAGX"
  Assets:US:Vanguard:RGAGX                          3.432 RGAGX {104.91 USD, 2019-05-27}
  Assets:US:Vanguard:Cash                         -360.05 USD                            

2019-06-07 * "Employer match for contribution"
  Assets:US:Vanguard:Cash                          600.00 USD
  Income:US:Hoogle:Match401k                      -600.00 USD

2019-06-10 * "Investing 40% of cash in VBMPX"
  Assets:US:Vanguard:VBMPX                          4.486 VBMPX {106.99 USD, 2019-06-10}
  Assets:US:Vanguard:Cash                         -479.96 USD                            

2019-06-10 * "Investing 60% of cash in RGAGX"
  Assets:US:Vanguard:RGAGX                          6.814 RGAGX {105.66 USD, 2019-06-10}
  Assets:US:Vanguard:Cash                         -719.97 USD                            

2019-06-10 * "Investing 40% of cash in VBMPX"
  Assets:US:Vanguard:VBMPX                          2.243 VBMPX {106.99 USD, 2019-06-10}
  Assets:US:Vanguard:Cash                         -239.98 USD                            

2019-06-10 * "Investing 60% of cash in RGAGX"
  Assets:US:Vanguard:RGAGX                          3.407 RGAGX {105.66 USD, 2019-06-10}
  Assets:US:Vanguard:Cash                         -359.98 USD                            

2019-06-21 * "Employer match for contribution"
  Assets:US:Vanguard:Cash                          600.00 USD
  Income:US:Hoogle:Match401k                      -600.00 USD

2019-06-24 * "Investing 40% of cash in VBMPX"
  Assets:US:Vanguard:VBMPX                          4.302 VBMPX {111.57 USD, 2019-06-24}
  Assets:US:Vanguard:Cash                         -479.97 USD                            

2019-06-24 * "Investing 60% of cash in RGAGX"
  Assets:US:Vanguard:RGAGX                          6.844 RGAGX {105.21 USD, 2019-06-24}
  Assets:US:Vanguard:Cash                         -720.06 USD                            

2019-06-24 * "Investing 40% of cash in VBMPX"
  Assets:US:Vanguard:VBMPX                          2.151 VBMPX {111.57 USD, 2019-06-24}
  Assets:US:Vanguard:Cash                         -239.99 USD                            

2019-06-24 * "Investing 60% of cash in RGAGX"
  Assets:US:Vanguard:RGAGX                          3.422 RGAGX {105.21 USD, 2019-06-24}
  Assets:US:Vanguard:Cash                         -360.03 USD                            

2019-07-05 * "Employer match for contribution"
  Assets:US:Vanguard:Cash                          600.00 USD
  Income:US:Hoogle:Match401k                      -600.00 USD

2019-07-08 * "Investing 40% of cash in VBMPX"
  Assets:US:Vanguard:VBMPX                          4.275 VBMPX {112.27 USD, 2019-07-08}
  Assets:US:Vanguard:Cash                         -479.95 USD                            

2019-07-08 * "Investing 60% of cash in RGAGX"
  Assets:US:Vanguard:RGAGX                          6.811 RGAGX {105.71 USD, 2019-07-08}
  Assets:US:Vanguard:Cash                         -719.99 USD                            

2019-07-08 * "Investing 40% of cash in VBMPX"
  Assets:US:Vanguard:VBMPX                          2.138 VBMPX {112.27 USD, 2019-07-08}
  Assets:US:Vanguard:Cash                         -240.03 USD                            

2019-07-08 * "Investing 60% of cash in RGAGX"
  Assets:US:Vanguard:RGAGX                          3.406 RGAGX {105.71 USD, 2019-07-08}
  Assets:US:Vanguard:Cash                         -360.05 USD                            

2019-07-19 * "Employer match for contribution"
  Assets:US:Vanguard:Cash                          600.00 USD
  Income:US:Hoogle:Match401k                      -600.00 USD

2019-07-22 * "Investing 40% of cash in VBMPX"
  Assets:US:Vanguard:VBMPX                          4.268 VBMPX {112.47 USD, 2019-07-22}
  Assets:US:Vanguard:Cash                         -480.02 USD                            

2019-07-22 * "Investing 60% of cash in RGAGX"
  Assets:US:Vanguard:RGAGX                          6.626 RGAGX {108.66 USD, 2019-07-22}
  Assets:US:Vanguard:Cash                         -719.98 USD                            

2019-07-22 * "Investing 40% of cash in VBMPX"
  Assets:US:Vanguard:VBMPX                          2.134 VBMPX {112.47 USD, 2019-07-22}
  Assets:US:Vanguard:Cash                         -240.01 USD                            

2019-07-22 * "Investing 60% of cash in RGAGX"
  Assets:US:Vanguard:RGAGX                          3.313 RGAGX {108.66 USD, 2019-07-22}
  Assets:US:Vanguard:Cash                         -359.99 USD                            

2019-08-02 * "Employer match for contribution"
  Assets:US:Vanguard:Cash                          250.00 USD
  Income:US:Hoogle:Match401k                      -250.00 USD

2019-08-05 * "Investing 40% of cash in VBMPX"
  Assets:US:Vanguard:VBMPX                          1.774 VBMPX {112.77 USD, 2019-08-05}
  Assets:US:Vanguard:Cash                         -200.05 USD                            

2019-08-05 * "Investing 60% of cash in RGAGX"
  Assets:US:Vanguard:RGAGX                          2.778 RGAGX {107.98 USD, 2019-08-05}
  Assets:US:Vanguard:Cash                         -299.97 USD                            

2019-08-05 * "Investing 40% of cash in VBMPX"
  Assets:US:Vanguard:VBMPX                          0.887 VBMPX {112.77 USD, 2019-08-05}
  Assets:US:Vanguard:Cash                         -100.03 USD                            

2019-08-05 * "Investing 60% of cash in RGAGX"
  Assets:US:Vanguard:RGAGX                          1.389 RGAGX {107.98 USD, 2019-08-05}
  Assets:US:Vanguard:Cash                         -149.98 USD                            

2020-01-03 * "Employer match for contribution"
  Assets:US:Vanguard:Cash                          600.00 USD
  Income:US:Hoogle:Match401k                      -600.00 USD

2020-01-06 * "Investing 40% of cash in VBMPX"
  Assets:US:Vanguard:VBMPX                          4.123 VBMPX {116.43 USD, 2020-01-06}
  Assets:US:Vanguard:Cash                         -480.04 USD                            

2020-01-06 * "Investing 60% of cash in RGAGX"
  Assets:US:Vanguard:RGAGX                          6.500 RGAGX {110.76 USD, 2020-01-06}
  Assets:US:Vanguard:Cash                         -719.94 USD                            

2020-01-06 * "Investing 40% of cash in VBMPX"
  Assets:US:Vanguard:VBMPX                          2.061 VBMPX {116.43 USD, 2020-01-06}
  Assets:US:Vanguard:Cash                         -239.96 USD                            

2020-01-06 * "Investing 60% of cash in RGAGX"
  Assets:US:Vanguard:RGAGX                          3.250 RGAGX {110.76 USD, 2020-01-06}
  Assets:US:Vanguard:Cash                         -359.97 USD                            

2020-01-17 * "Employer match for contribution"
  Assets:US:Vanguard:Cash                          600.00 USD
  Income:US:Hoogle:Match401k                      -600.00 USD

2020-01-20 * "Investing 40% of cash in VBMPX"
  Assets:US:Vanguard:VBMPX                          4.192 VBMPX {114.51 USD, 2020-01-20}
  Assets:US:Vanguard:Cash                         -480.03 USD                            

2020-01-20 * "Investing 60% of cash in RGAGX"
  Assets:US:Vanguard:RGAGX                          6.487 RGAGX {110.99 USD, 2020-01-20}
  Assets:US:Vanguard:Cash                         -719.99 USD                            

2020-01-20 * "Investing 40% of cash in VBMPX"
  Assets:US:Vanguard:VBMPX                          2.096 VBMPX {114.51 USD, 2020-01-20}
  Assets:US:Vanguard:Cash                         -240.01 USD                            

2020-01-20 * "Investing 60% of cash in RGAGX"
  Assets:US:Vanguard:RGAGX                          3.244 RGAGX {110.99 USD, 2020-01-20}
  Assets:US:Vanguard:Cash                         -360.05 USD                            

2020-01-31 * "Employer match for contribution"
  Assets:US:Vanguard:Cash                          600.00 USD
  Income:US:Hoogle:Match401k                      -600.00 USD

2020-02-03 * "Investing 40% of cash in VBMPX"
  Assets:US:Vanguard:VBMPX                          4.190 VBMPX {114.56 USD, 2020-02-03}
  Assets:US:Vanguard:Cash                         -480.01 USD                            

2020-02-03 * "Investing 60% of cash in RGAGX"
  Assets:US:Vanguard:RGAGX                          6.332 RGAGX {113.70 USD, 2020-02-03}
  Assets:US:Vanguard:Cash                         -719.95 USD                            

2020-02-03 * "Investing 40% of cash in VBMPX"
  Assets:US:Vanguard:VBMPX                          2.095 VBMPX {114.56 USD, 2020-02-03}
  Assets:US:Vanguard:Cash                         -240.00 USD                            

2020-02-03 * "Investing 60% of cash in RGAGX"
  Assets:US:Vanguard:RGAGX                          3.166 RGAGX {113.70 USD, 2020-02-03}
  Assets:US:Vanguard:Cash                         -359.97 USD                            

2020-02-14 * "Employer match for contribution"
  Assets:US:Vanguard:Cash                          600.00 USD
  Income:US:Hoogle:Match401k                      -600.00 USD

2020-02-17 * "Investing 40% of cash in VBMPX"
  Assets:US:Vanguard:VBMPX                          4.031 VBMPX {119.09 USD, 2020-02-17}
  Assets:US:Vanguard:Cash                         -480.05 USD                            

2020-02-17 * "Investing 60% of cash in RGAGX"
  Assets:US:Vanguard:RGAGX                          6.447 RGAGX {111.68 USD, 2020-02-17}
  Assets:US:Vanguard:Cash                         -720.00 USD                            

2020-02-17 * "Investing 40% of cash in VBMPX"
  Assets:US:Vanguard:VBMPX                          2.015 VBMPX {119.09 USD, 2020-02-17}
  Assets:US:Vanguard:Cash                         -239.97 USD                            

2020-02-17 * "Investing 60% of cash in RGAGX"
  Assets:US:Vanguard:RGAGX                          3.223 RGAGX {111.68 USD, 2020-02-17}
  Assets:US:Vanguard:Cash                         -359.94 USD                            

2020-02-28 * "Employer match for contribution"
  Assets:US:Vanguard:Cash                          600.00 USD
  Income:US:Hoogle:Match401k                      -600.00 USD

2020-03-02 * "Investing 40% of cash in VBMPX"
  Assets:US:Vanguard:VBMPX                          3.961 VBMPX {121.19 USD, 2020-03-02}
  Assets:US:Vanguard:Cash                         -480.03 USD                            

2020-03-02 * "Investing 60% of cash in RGAGX"
  Assets:US:Vanguard:RGAGX                          6.652 RGAGX {108.25 USD, 2020-03-02}
  Assets:US:Vanguard:Cash                         -720.08 USD                            

2020-03-02 * "Investing 40% of cash in VBMPX"
  Assets:US:Vanguard:VBMPX                          1.980 VBMPX {121.19 USD, 2020-03-02}
  Assets:US:Vanguard:Cash                         -239.96 USD                            

2020-03-02 * "Investing 60% of cash in RGAGX"
  Assets:US:Vanguard:RGAGX                          3.326 RGAGX {108.25 USD, 2020-03-02}
  Assets:US:Vanguard:Cash                         -360.04 USD                            

2020-03-13 * "Employer match for contribution"
  Assets:US:Vanguard:Cash                          600.00 USD
  Income:US:Hoogle:Match401k                      -600.00 USD

2020-03-16 * "Investing 40% of cash in VBMPX"
  Assets:US:Vanguard:VBMPX                          3.985 VBMPX {120.44 USD, 2020-03-16}
  Assets:US:Vanguard:Cash                         -479.95 USD                            

2020-03-16 * "Investing 60% of cash in RGAGX"
  Assets:US:Vanguard:RGAGX                          6.524 RGAGX {110.36 USD, 2020-03-16}
  Assets:US:Vanguard:Cash                         -719.99 USD                            

2020-03-16 * "Investing 40% of cash in VBMPX"
  Assets:US:Vanguard:VBMPX                          1.993 VBMPX {120.44 USD, 2020-03-16}
  Assets:US:Vanguard:Cash                         -240.04 USD                            

2020-03-16 * "Investing 60% of cash in RGAGX"
  Assets:US:Vanguard:RGAGX                          3.262 RGAGX {110.36 USD, 2020-03-16}
  Assets:US:Vanguard:Cash                         -359.99 USD                            

2020-03-27 * "Employer match for contribution"
  Assets:US:Vanguard:Cash                          600.00 USD
  Income:US:Hoogle:Match401k                      -600.00 USD

2020-03-30 * "Investing 40% of cash in VBMPX"
  Assets:US:Vanguard:VBMPX                          3.917 VBMPX {122.53 USD, 2020-03-30}
  Assets:US:Vanguard:Cash                         -479.95 USD                            

2020-03-30 * "Investing 60% of cash in RGAGX"
  Assets:US:Vanguard:RGAGX                          6.601 RGAGX {109.07 USD, 2020-03-30}
  Assets:US:Vanguard:Cash                         -719.97 USD                            

2020-03-30 * "Investing 40% of cash in VBMPX"
  Assets:US:Vanguard:VBMPX                          1.959 VBMPX {122.53 USD, 2020-03-30}
  Assets:US:Vanguard:Cash                         -240.04 USD                            

2020-03-30 * "Investing 60% of cash in RGAGX"
  Assets:US:Vanguard:RGAGX                          3.301 RGAGX {109.07 USD, 2020-03-30}
  Assets:US:Vanguard:Cash                         -360.04 USD                            

2020-04-10 * "Employer match for contribution"
  Assets:US:Vanguard:Cash                          600.00 USD
  Income:US:Hoogle:Match401k                      -600.00 USD

2020-04-13 * "Investing 40% of cash in VBMPX"
  Assets:US:Vanguard:VBMPX                          3.771 VBMPX {127.30 USD, 2020-04-13}
  Assets:US:Vanguard:Cash                         -480.05 USD                            

2020-04-13 * "Investing 60% of cash in RGAGX"
  Assets:US:Vanguard:RGAGX                          6.378 RGAGX {112.89 USD, 2020-04-13}
  Assets:US:Vanguard:Cash                         -720.01 USD                            

2020-04-13 * "Investing 40% of cash in VBMPX"
  Assets:US:Vanguard:VBMPX                          1.885 VBMPX {127.30 USD, 2020-04-13}
  Assets:US:Vanguard:Cash                         -239.96 USD                            

2020-04-13 * "Investing 60% of cash in RGAGX"
  Assets:US:Vanguard:RGAGX                          3.189 RGAGX {112.89 USD, 2020-04-13}
  Assets:US:Vanguard:Cash                         -360.01 USD                            

2020-04-24 * "Employer match for contribution"
  Assets:US:Vanguard:Cash                          600.00 USD
  Income:US:Hoogle:Match401k                      -600.00 USD

2020-04-27 * "Investing 40% of cash in VBMPX"
  Assets:US:Vanguard:VBMPX                          3.708 VBMPX {129.45 USD, 2020-04-27}
  Assets:US:Vanguard:Cash                         -480.00 USD                            

2020-04-27 * "Investing 60% of cash in RGAGX"
  Assets:US:Vanguard:RGAGX                          6.207 RGAGX {116.00 USD, 2020-04-27}
  Assets:US:Vanguard:Cash                         -720.01 USD                            

2020-04-27 * "Investing 40% of cash in VBMPX"
  Assets:US:Vanguard:VBMPX                          1.854 VBMPX {129.45 USD, 2020-04-27}
  Assets:US:Vanguard:Cash                         -240.00 USD                            

2020-04-27 * "Investing 60% of cash in RGAGX"
  Assets:US:Vanguard:RGAGX                          3.103 RGAGX {116.00 USD, 2020-04-27}
  Assets:US:Vanguard:Cash                         -359.95 USD                            

2020-05-08 * "Employer match for contribution"
  Assets:US:Vanguard:Cash                          600.00 USD
  Income:US:Hoogle:Match401k                      -600.00 USD

2020-05-11 * "Investing 40% of cash in VBMPX"
  Assets:US:Vanguard:VBMPX                          3.750 VBMPX {127.99 USD, 2020-05-11}
  Assets:US:Vanguard:Cash                         -479.96 USD                            

2020-05-11 * "Investing 60% of cash in RGAGX"
  Assets:US:Vanguard:RGAGX                          6.155 RGAGX {116.98 USD, 2020-05-11}
  Assets:US:Vanguard:Cash                         -720.01 USD                            

2020-05-11 * "Investing 40% of cash in VBMPX"
  Assets:US:Vanguard:VBMPX                          1.875 VBMPX {127.99 USD, 2020-05-11}
  Assets:US:Vanguard:Cash                         -239.98 USD                            

2020-05-11 * "Investing 60% of cash in RGAGX"
  Assets:US:Vanguard:RGAGX                          3.078 RGAGX {116.98 USD, 2020-05-11}
  Assets:US:Vanguard:Cash                         -360.06 USD                            

2020-05-22 * "Employer match for contribution"
  Assets:US:Vanguard:Cash                          600.00 USD
  Income:US:Hoogle:Match401k                      -600.00 USD

2020-05-25 * "Investing 40% of cash in VBMPX"
  Assets:US:Vanguard:VBMPX                          3.714 VBMPX {129.25 USD, 2020-05-25}
  Assets:US:Vanguard:Cash                         -480.03 USD                            

2020-05-25 * "Investing 60% of cash in RGAGX"
  Assets:US:Vanguard:RGAGX                          6.260 RGAGX {115.01 USD, 2020-05-25}
  Assets:US:Vanguard:Cash                         -719.96 USD                            

2020-05-25 * "Investing 40% of cash in VBMPX"
  Assets:US:Vanguard:VBMPX                          1.857 VBMPX {129.25 USD, 2020-05-25}
  Assets:US:Vanguard:Cash                         -240.02 USD                            

2020-05-25 * "Investing 60% of cash in RGAGX"
  Assets:US:Vanguard:RGAGX                          3.130 RGAGX {115.01 USD, 2020-05-25}
  Assets:US:Vanguard:Cash                         -359.98 USD                            

2020-06-05 * "Employer match for contribution"
  Assets:US:Vanguard:Cash                          600.00 USD
  Income:US:Hoogle:Match401k                      -600.00 USD

2020-06-08 * "Investing 40% of cash in VBMPX"
  Assets:US:Vanguard:VBMPX                          3.647 VBMPX {131.61 USD, 2020-06-08}
  Assets:US:Vanguard:Cash                         -479.98 USD                            

2020-06-08 * "Investing 60% of cash in RGAGX"
  Assets:US:Vanguard:RGAGX                          6.193 RGAGX {116.27 USD, 2020-06-08}
  Assets:US:Vanguard:Cash                         -720.06 USD                            

2020-06-08 * "Investing 40% of cash in VBMPX"
  Assets:US:Vanguard:VBMPX                          1.824 VBMPX {131.61 USD, 2020-06-08}
  Assets:US:Vanguard:Cash                         -240.06 USD                            

2020-06-08 * "Investing 60% of cash in RGAGX"
  Assets:US:Vanguard:RGAGX                          3.096 RGAGX {116.27 USD, 2020-06-08}
  Assets:US:Vanguard:Cash                         -359.97 USD                            

2020-06-19 * "Employer match for contribution"
  Assets:US:Vanguard:Cash                          600.00 USD
  Income:US:Hoogle:Match401k                      -600.00 USD

2020-06-22 * "Investing 40% of cash in VBMPX"
  Assets:US:Vanguard:VBMPX                          3.629 VBMPX {132.25 USD, 2020-06-22}
  Assets:US:Vanguard:Cash                         -479.94 USD                            

2020-06-22 * "Investing 60% of cash in RGAGX"
  Assets:US:Vanguard:RGAGX                          6.037 RGAGX {119.26 USD, 2020-06-22}
  Assets:US:Vanguard:Cash                         -719.97 USD                            

2020-06-22 * "Investing 40% of cash in VBMPX"
  Assets:US:Vanguard:VBMPX                          1.815 VBMPX {132.25 USD, 2020-06-22}
  Assets:US:Vanguard:Cash                         -240.03 USD                            

2020-06-22 * "Investing 60% of cash in RGAGX"
  Assets:US:Vanguard:RGAGX                          3.019 RGAGX {119.26 USD, 2020-06-22}
  Assets:US:Vanguard:Cash                         -360.05 USD                            

2020-07-03 * "Employer match for contribution"
  Assets:US:Vanguard:Cash                          600.00 USD
  Income:US:Hoogle:Match401k                      -600.00 USD

2020-07-06 * "Investing 40% of cash in VBMPX"
  Assets:US:Vanguard:VBMPX                          3.551 VBMPX {135.15 USD, 2020-07-06}
  Assets:US:Vanguard:Cash                         -479.92 USD                            

2020-07-06 * "Investing 60% of cash in RGAGX"
  Assets:US:Vanguard:RGAGX                          5.870 RGAGX {122.65 USD, 2020-07-06}
  Assets:US:Vanguard:Cash                         -719.96 USD                            

2020-07-06 * "Investing 40% of cash in VBMPX"
  Assets:US:Vanguard:VBMPX                          1.776 VBMPX {135.15 USD, 2020-07-06}
  Assets:US:Vanguard:Cash                         -240.03 USD                            

2020-07-06 * "Investing 60% of cash in RGAGX"
  Assets:US:Vanguard:RGAGX                          2.936 RGAGX {122.65 USD, 2020-07-06}
  Assets:US:Vanguard:Cash                         -360.10 USD                            

2020-07-17 * "Employer match for contribution"
  Assets:US:Vanguard:Cash                          600.00 USD
  Income:US:Hoogle:Match401k                      -600.00 USD

2020-07-20 * "Investing 40% of cash in VBMPX"
  Assets:US:Vanguard:VBMPX                          3.415 VBMPX {140.53 USD, 2020-07-20}
  Assets:US:Vanguard:Cash                         -479.91 USD                            

2020-07-20 * "Investing 60% of cash in RGAGX"
  Assets:US:Vanguard:RGAGX                          5.909 RGAGX {121.84 USD, 2020-07-20}
  Assets:US:Vanguard:Cash                         -719.95 USD                            

2020-07-20 * "Investing 40% of cash in VBMPX"
  Assets:US:Vanguard:VBMPX                          1.708 VBMPX {140.53 USD, 2020-07-20}
  Assets:US:Vanguard:Cash                         -240.03 USD                            

2020-07-20 * "Investing 60% of cash in RGAGX"
  Assets:US:Vanguard:RGAGX                          2.955 RGAGX {121.84 USD, 2020-07-20}
  Assets:US:Vanguard:Cash                         -360.04 USD                            

2020-07-31 * "Employer match for contribution"
  Assets:US:Vanguard:Cash                          250.00 USD
  Income:US:Hoogle:Match401k                      -250.00 USD

2020-08-03 * "Investing 40% of cash in VBMPX"
  Assets:US:Vanguard:VBMPX                          1.381 VBMPX {144.78 USD, 2020-08-03}
  Assets:US:Vanguard:Cash                         -199.94 USD                            

2020-08-03 * "Investing 60% of cash in RGAGX"
  Assets:US:Vanguard:RGAGX                          2.442 RGAGX {122.86 USD, 2020-08-03}
  Assets:US:Vanguard:Cash                         -300.02 USD                            

2020-08-03 * "Investing 40% of cash in VBMPX"
  Assets:US:Vanguard:VBMPX                          0.691 VBMPX {144.78 USD, 2020-08-03}
  Assets:US:Vanguard:Cash                         -100.04 USD                            

2020-08-03 * "Investing 60% of cash in RGAGX"
  Assets:US:Vanguard:RGAGX                          1.221 RGAGX {122.86 USD, 2020-08-03}
  Assets:US:Vanguard:Cash                         -150.01 USD                            



* Sources of Income

2018-01-01 open Income:US:Hoogle:Salary                      USD
2018-01-01 open Income:US:Hoogle:GroupTermLife               USD
2018-01-01 open Income:US:Hoogle:Vacation                    VACHR
2018-01-01 open Assets:US:Hoogle:Vacation                    VACHR
2018-01-01 open Expenses:Vacation                               VACHR
2018-01-01 open Expenses:Health:Life:GroupTermLife
2018-01-01 open Expenses:Health:Medical:Insurance
2018-01-01 open Expenses:Health:Dental:Insurance
2018-01-01 open Expenses:Health:Vision:Insurance

2018-01-01 event "employer" "Hoogle, 1600 Amphibious Parkway, River View, CA"

2018-01-04 * "Hoogle" "Payroll"
  Assets:US:BofA:Checking                         1350.60 USD   
  Assets:US:Vanguard:Cash                         1200.00 USD   
  Income:US:Hoogle:Salary                        -4615.38 USD   
  Income:US:Hoogle:GroupTermLife                   -24.32 USD   
  Expenses:Health:Life:GroupTermLife                24.32 USD   
  Expenses:Health:Dental:Insurance                   2.90 USD   
  Expenses:Health:Medical:Insurance                 27.38 USD   
  Expenses:Health:Vision:Insurance                  42.30 USD   
  Expenses:Taxes:Y2018:US:Medicare                 106.62 USD   
  Expenses:Taxes:Y2018:US:Federal                 1062.92 USD   
  Expenses:Taxes:Y2018:US:State                    365.08 USD   
  Expenses:Taxes:Y2018:US:CityNYC                  174.92 USD   
  Expenses:Taxes:Y2018:US:SDI                        1.12 USD   
  Expenses:Taxes:Y2018:US:SocSec                   281.54 USD   
  Assets:US:Federal:PreTax401k                   -1200.00 IRAUSD
  Expenses:Taxes:Y2018:US:Federal:PreTax401k      1200.00 IRAUSD
  Assets:US:Hoogle:Vacation                             5 VACHR 
  Income:US:Hoogle:Vacation                            -5 VACHR 

2018-01-18 * "Hoogle" "Payroll"
  Assets:US:BofA:Checking                         1350.60 USD   
  Assets:US:Vanguard:Cash                         1200.00 USD   
  Income:US:Hoogle:Salary                        -4615.38 USD   
  Income:US:Hoogle:GroupTermLife                   -24.32 USD   
  Expenses:Health:Life:GroupTermLife                24.32 USD   
  Expenses:Health:Dental:Insurance                   2.90 USD   
  Expenses:Health:Medical:Insurance                 27.38 USD   
  Expenses:Health:Vision:Insurance                  42.30 USD   
  Expenses:Taxes:Y2018:US:Medicare                 106.62 USD   
  Expenses:Taxes:Y2018:US:Federal                 1062.92 USD   
  Expenses:Taxes:Y2018:US:State                    365.08 USD   
  Expenses:Taxes:Y2018:US:CityNYC                  174.92 USD   
  Expenses:Taxes:Y2018:US:SDI                        1.12 USD   
  Expenses:Taxes:Y2018:US:SocSec                   281.54 USD   
  Assets:US:Federal:PreTax401k                   -1200.00 IRAUSD
  Expenses:Taxes:Y2018:US:Federal:PreTax401k      1200.00 IRAUSD
  Assets:US:Hoogle:Vacation                             5 VACHR 
  Income:US:Hoogle:Vacation                            -5 VACHR 

2018-02-01 * "Hoogle" "Payroll"
  Assets:US:BofA:Checking                         1350.60 USD   
  Assets:US:Vanguard:Cash                         1200.00 USD   
  Income:US:Hoogle:Salary                        -4615.38 USD   
  Income:US:Hoogle:GroupTermLife                   -24.32 USD   
  Expenses:Health:Life:GroupTermLife                24.32 USD   
  Expenses:Health:Dental:Insurance                   2.90 USD   
  Expenses:Health:Medical:Insurance                 27.38 USD   
  Expenses:Health:Vision:Insurance                  42.30 USD   
  Expenses:Taxes:Y2018:US:Medicare                 106.62 USD   
  Expenses:Taxes:Y2018:US:Federal                 1062.92 USD   
  Expenses:Taxes:Y2018:US:State                    365.08 USD   
  Expenses:Taxes:Y2018:US:CityNYC                  174.92 USD   
  Expenses:Taxes:Y2018:US:SDI                        1.12 USD   
  Expenses:Taxes:Y2018:US:SocSec                   281.54 USD   
  Assets:US:Federal:PreTax401k                   -1200.00 IRAUSD
  Expenses:Taxes:Y2018:US:Federal:PreTax401k      1200.00 IRAUSD
  Assets:US:Hoogle:Vacation                             5 VACHR 
  Income:US:Hoogle:Vacation                            -5 VACHR 

2018-02-15 * "Hoogle" "Payroll"
  Assets:US:BofA:Checking                         1350.60 USD   
  Assets:US:Vanguard:Cash                         1200.00 USD   
  Income:US:Hoogle:Salary                        -4615.38 USD   
  Income:US:Hoogle:GroupTermLife                   -24.32 USD   
  Expenses:Health:Life:GroupTermLife                24.32 USD   
  Expenses:Health:Dental:Insurance                   2.90 USD   
  Expenses:Health:Medical:Insurance                 27.38 USD   
  Expenses:Health:Vision:Insurance                  42.30 USD   
  Expenses:Taxes:Y2018:US:Medicare                 106.62 USD   
  Expenses:Taxes:Y2018:US:Federal                 1062.92 USD   
  Expenses:Taxes:Y2018:US:State                    365.08 USD   
  Expenses:Taxes:Y2018:US:CityNYC                  174.92 USD   
  Expenses:Taxes:Y2018:US:SDI                        1.12 USD   
  Expenses:Taxes:Y2018:US:SocSec                   281.54 USD   
  Assets:US:Federal:PreTax401k                   -1200.00 IRAUSD
  Expenses:Taxes:Y2018:US:Federal:PreTax401k      1200.00 IRAUSD
  Assets:US:Hoogle:Vacation                             5 VACHR 
  Income:US:Hoogle:Vacation                            -5 VACHR 

2018-03-01 * "Hoogle" "Payroll"
  Assets:US:BofA:Checking                         1350.60 USD   
  Assets:US:Vanguard:Cash                         1200.00 USD   
  Income:US:Hoogle:Salary                        -4615.38 USD   
  Income:US:Hoogle:GroupTermLife                   -24.32 USD   
  Expenses:Health:Life:GroupTermLife                24.32 USD   
  Expenses:Health:Dental:Insurance                   2.90 USD   
  Expenses:Health:Medical:Insurance                 27.38 USD   
  Expenses:Health:Vision:Insurance                  42.30 USD   
  Expenses:Taxes:Y2018:US:Medicare                 106.62 USD   
  Expenses:Taxes:Y2018:US:Federal                 1062.92 USD   
  Expenses:Taxes:Y2018:US:State                    365.08 USD   
  Expenses:Taxes:Y2018:US:CityNYC                  174.92 USD   
  Expenses:Taxes:Y2018:US:SDI                        1.12 USD   
  Expenses:Taxes:Y2018:US:SocSec                   281.54 USD   
  Assets:US:Federal:PreTax401k                   -1200.00 IRAUSD
  Expenses:Taxes:Y2018:US:Federal:PreTax401k      1200.00 IRAUSD
  Assets:US:Hoogle:Vacation                             5 VACHR 
  Income:US:Hoogle:Vacation                            -5 VACHR 

2018-03-15 * "Hoogle" "Payroll"
  Assets:US:BofA:Checking                         1350.60 USD   
  Assets:US:Vanguard:Cash                         1200.00 USD   
  Income:US:Hoogle:Salary                        -4615.38 USD   
  Income:US:Hoogle:GroupTermLife                   -24.32 USD   
  Expenses:Health:Life:GroupTermLife                24.32 USD   
  Expenses:Health:Dental:Insurance                   2.90 USD   
  Expenses:Health:Medical:Insurance                 27.38 USD   
  Expenses:Health:Vision:Insurance                  42.30 USD   
  Expenses:Taxes:Y2018:US:Medicare                 106.62 USD   
  Expenses:Taxes:Y2018:US:Federal                 1062.92 USD   
  Expenses:Taxes:Y2018:US:State                    365.08 USD   
  Expenses:Taxes:Y2018:US:CityNYC                  174.92 USD   
  Expenses:Taxes:Y2018:US:SDI                        1.12 USD   
  Expenses:Taxes:Y2018:US:SocSec                   281.54 USD   
  Assets:US:Federal:PreTax401k                   -1200.00 IRAUSD
  Expenses:Taxes:Y2018:US:Federal:PreTax401k      1200.00 IRAUSD
  Assets:US:Hoogle:Vacation                             5 VACHR 
  Income:US:Hoogle:Vacation                            -5 VACHR 

2018-03-29 * "Hoogle" "Payroll"
  Assets:US:BofA:Checking                         1350.60 USD   
  Assets:US:Vanguard:Cash                         1200.00 USD   
  Income:US:Hoogle:Salary                        -4615.38 USD   
  Income:US:Hoogle:GroupTermLife                   -24.32 USD   
  Expenses:Health:Life:GroupTermLife                24.32 USD   
  Expenses:Health:Dental:Insurance                   2.90 USD   
  Expenses:Health:Medical:Insurance                 27.38 USD   
  Expenses:Health:Vision:Insurance                  42.30 USD   
  Expenses:Taxes:Y2018:US:Medicare                 106.62 USD   
  Expenses:Taxes:Y2018:US:Federal                 1062.92 USD   
  Expenses:Taxes:Y2018:US:State                    365.08 USD   
  Expenses:Taxes:Y2018:US:CityNYC                  174.92 USD   
  Expenses:Taxes:Y2018:US:SDI                        1.12 USD   
  Expenses:Taxes:Y2018:US:SocSec                   281.54 USD   
  Assets:US:Federal:PreTax401k                   -1200.00 IRAUSD
  Expenses:Taxes:Y2018:US:Federal:PreTax401k      1200.00 IRAUSD
  Assets:US:Hoogle:Vacation                             5 VACHR 
  Income:US:Hoogle:Vacation                            -5 VACHR 

2018-04-12 * "Hoogle" "Payroll"
  Assets:US:BofA:Checking                         1350.60 USD   
  Assets:US:Vanguard:Cash                         1200.00 USD   
  Income:US:Hoogle:Salary                        -4615.38 USD   
  Income:US:Hoogle:GroupTermLife                   -24.32 USD   
  Expenses:Health:Life:GroupTermLife                24.32 USD   
  Expenses:Health:Dental:Insurance                   2.90 USD   
  Expenses:Health:Medical:Insurance                 27.38 USD   
  Expenses:Health:Vision:Insurance                  42.30 USD   
  Expenses:Taxes:Y2018:US:Medicare                 106.62 USD   
  Expenses:Taxes:Y2018:US:Federal                 1062.92 USD   
  Expenses:Taxes:Y2018:US:State                    365.08 USD   
  Expenses:Taxes:Y2018:US:CityNYC                  174.92 USD   
  Expenses:Taxes:Y2018:US:SDI                        1.12 USD   
  Expenses:Taxes:Y2018:US:SocSec                   281.54 USD   
  Assets:US:Federal:PreTax401k                   -1200.00 IRAUSD
  Expenses:Taxes:Y2018:US:Federal:PreTax401k      1200.00 IRAUSD
  Assets:US:Hoogle:Vacation                             5 VACHR 
  Income:US:Hoogle:Vacation                            -5 VACHR 

2018-04-26 * "Hoogle" "Payroll"
  Assets:US:BofA:Checking                         1350.60 USD   
  Assets:US:Vanguard:Cash                         1200.00 USD   
  Income:US:Hoogle:Salary                        -4615.38 USD   
  Income:US:Hoogle:GroupTermLife                   -24.32 USD   
  Expenses:Health:Life:GroupTermLife                24.32 USD   
  Expenses:Health:Dental:Insurance                   2.90 USD   
  Expenses:Health:Medical:Insurance                 27.38 USD   
  Expenses:Health:Vision:Insurance                  42.30 USD   
  Expenses:Taxes:Y2018:US:Medicare                 106.62 USD   
  Expenses:Taxes:Y2018:US:Federal                 1062.92 USD   
  Expenses:Taxes:Y2018:US:State                    365.08 USD   
  Expenses:Taxes:Y2018:US:CityNYC                  174.92 USD   
  Expenses:Taxes:Y2018:US:SDI                        1.12 USD   
  Expenses:Taxes:Y2018:US:SocSec                   281.54 USD   
  Assets:US:Federal:PreTax401k                   -1200.00 IRAUSD
  Expenses:Taxes:Y2018:US:Federal:PreTax401k      1200.00 IRAUSD
  Assets:US:Hoogle:Vacation                             5 VACHR 
  Income:US:Hoogle:Vacation                            -5 VACHR 

2018-05-10 * "Hoogle" "Payroll"
  Assets:US:BofA:Checking                         1350.60 USD   
  Assets:US:Vanguard:Cash                         1200.00 USD   
  Income:US:Hoogle:Salary                        -4615.38 USD   
  Income:US:Hoogle:GroupTermLife                   -24.32 USD   
  Expenses:Health:Life:GroupTermLife                24.32 USD   
  Expenses:Health:Dental:Insurance                   2.90 USD   
  Expenses:Health:Medical:Insurance                 27.38 USD   
  Expenses:Health:Vision:Insurance                  42.30 USD   
  Expenses:Taxes:Y2018:US:Medicare                 106.62 USD   
  Expenses:Taxes:Y2018:US:Federal                 1062.92 USD   
  Expenses:Taxes:Y2018:US:State                    365.08 USD   
  Expenses:Taxes:Y2018:US:CityNYC                  174.92 USD   
  Expenses:Taxes:Y2018:US:SDI                        1.12 USD   
  Expenses:Taxes:Y2018:US:SocSec                   281.54 USD   
  Assets:US:Federal:PreTax401k                   -1200.00 IRAUSD
  Expenses:Taxes:Y2018:US:Federal:PreTax401k      1200.00 IRAUSD
  Assets:US:Hoogle:Vacation                             5 VACHR 
  Income:US:Hoogle:Vacation                            -5 VACHR 

2018-05-24 * "Hoogle" "Payroll"
  Assets:US:BofA:Checking                         1350.60 USD   
  Assets:US:Vanguard:Cash                         1200.00 USD   
  Income:US:Hoogle:Salary                        -4615.38 USD   
  Income:US:Hoogle:GroupTermLife                   -24.32 USD   
  Expenses:Health:Life:GroupTermLife                24.32 USD   
  Expenses:Health:Dental:Insurance                   2.90 USD   
  Expenses:Health:Medical:Insurance                 27.38 USD   
  Expenses:Health:Vision:Insurance                  42.30 USD   
  Expenses:Taxes:Y2018:US:Medicare                 106.62 USD   
  Expenses:Taxes:Y2018:US:Federal                 1062.92 USD   
  Expenses:Taxes:Y2018:US:State                    365.08 USD   
  Expenses:Taxes:Y2018:US:CityNYC                  174.92 USD   
  Expenses:Taxes:Y2018:US:SDI                        1.12 USD   
  Expenses:Taxes:Y2018:US:SocSec                   281.54 USD   
  Assets:US:Federal:PreTax401k                   -1200.00 IRAUSD
  Expenses:Taxes:Y2018:US:Federal:PreTax401k      1200.00 IRAUSD
  Assets:US:Hoogle:Vacation                             5 VACHR 
  Income:US:Hoogle:Vacation                            -5 VACHR 

2018-06-07 * "Hoogle" "Payroll"
  Assets:US:BofA:Checking                         1350.60 USD   
  Assets:US:Vanguard:Cash                         1200.00 USD   
  Income:US:Hoogle:Salary                        -4615.38 USD   
  Income:US:Hoogle:GroupTermLife                   -24.32 USD   
  Expenses:Health:Life:GroupTermLife                24.32 USD   
  Expenses:Health:Dental:Insurance                   2.90 USD   
  Expenses:Health:Medical:Insurance                 27.38 USD   
  Expenses:Health:Vision:Insurance                  42.30 USD   
  Expenses:Taxes:Y2018:US:Medicare                 106.62 USD   
  Expenses:Taxes:Y2018:US:Federal                 1062.92 USD   
  Expenses:Taxes:Y2018:US:State                    365.08 USD   
  Expenses:Taxes:Y2018:US:CityNYC                  174.92 USD   
  Expenses:Taxes:Y2018:US:SDI                        1.12 USD   
  Expenses:Taxes:Y2018:US:SocSec                   281.54 USD   
  Assets:US:Federal:PreTax401k                   -1200.00 IRAUSD
  Expenses:Taxes:Y2018:US:Federal:PreTax401k      1200.00 IRAUSD
  Assets:US:Hoogle:Vacation                             5 VACHR 
  Income:US:Hoogle:Vacation                            -5 VACHR 

2018-06-21 * "Hoogle" "Payroll"
  Assets:US:BofA:Checking                         1350.60 USD   
  Assets:US:Vanguard:Cash                         1200.00 USD   
  Income:US:Hoogle:Salary                        -4615.38 USD   
  Income:US:Hoogle:GroupTermLife                   -24.32 USD   
  Expenses:Health:Life:GroupTermLife                24.32 USD   
  Expenses:Health:Dental:Insurance                   2.90 USD   
  Expenses:Health:Medical:Insurance                 27.38 USD   
  Expenses:Health:Vision:Insurance                  42.30 USD   
  Expenses:Taxes:Y2018:US:Medicare                 106.62 USD   
  Expenses:Taxes:Y2018:US:Federal                 1062.92 USD   
  Expenses:Taxes:Y2018:US:State                    365.08 USD   
  Expenses:Taxes:Y2018:US:CityNYC                  174.92 USD   
  Expenses:Taxes:Y2018:US:SDI                        1.12 USD   
  Expenses:Taxes:Y2018:US:SocSec                   281.54 USD   
  Assets:US:Federal:PreTax401k                   -1200.00 IRAUSD
  Expenses:Taxes:Y2018:US:Federal:PreTax401k      1200.00 IRAUSD
  Assets:US:Hoogle:Vacation                             5 VACHR 
  Income:US:Hoogle:Vacation                            -5 VACHR 

2018-07-05 * "Hoogle" "Payroll"
  Assets:US:BofA:Checking                         1350.60 USD   
  Assets:US:Vanguard:Cash                         1200.00 USD   
  Income:US:Hoogle:Salary                        -4615.38 USD   
  Income:US:Hoogle:GroupTermLife                   -24.32 USD   
  Expenses:Health:Life:GroupTermLife                24.32 USD   
  Expenses:Health:Dental:Insurance                   2.90 USD   
  Expenses:Health:Medical:Insurance                 27.38 USD   
  Expenses:Health:Vision:Insurance                  42.30 USD   
  Expenses:Taxes:Y2018:US:Medicare                 106.62 USD   
  Expenses:Taxes:Y2018:US:Federal                 1062.92 USD   
  Expenses:Taxes:Y2018:US:State                    365.08 USD   
  Expenses:Taxes:Y2018:US:CityNYC                  174.92 USD   
  Expenses:Taxes:Y2018:US:SDI                        1.12 USD   
  Expenses:Taxes:Y2018:US:SocSec                   281.54 USD   
  Assets:US:Federal:PreTax401k                   -1200.00 IRAUSD
  Expenses:Taxes:Y2018:US:Federal:PreTax401k      1200.00 IRAUSD
  Assets:US:Hoogle:Vacation                             5 VACHR 
  Income:US:Hoogle:Vacation                            -5 VACHR 

2018-07-19 * "Hoogle" "Payroll"
  Assets:US:BofA:Checking                         1350.60 USD   
  Assets:US:Vanguard:Cash                         1200.00 USD   
  Income:US:Hoogle:Salary                        -4615.38 USD   
  Income:US:Hoogle:GroupTermLife                   -24.32 USD   
  Expenses:Health:Life:GroupTermLife                24.32 USD   
  Expenses:Health:Dental:Insurance                   2.90 USD   
  Expenses:Health:Medical:Insurance                 27.38 USD   
  Expenses:Health:Vision:Insurance                  42.30 USD   
  Expenses:Taxes:Y2018:US:Medicare                 106.62 USD   
  Expenses:Taxes:Y2018:US:Federal                 1062.92 USD   
  Expenses:Taxes:Y2018:US:State                    365.08 USD   
  Expenses:Taxes:Y2018:US:CityNYC                  174.92 USD   
  Expenses:Taxes:Y2018:US:SDI                        1.12 USD   
  Expenses:Taxes:Y2018:US:SocSec                   281.54 USD   
  Assets:US:Federal:PreTax401k                   -1200.00 IRAUSD
  Expenses:Taxes:Y2018:US:Federal:PreTax401k      1200.00 IRAUSD
  Assets:US:Hoogle:Vacation                             5 VACHR 
  Income:US:Hoogle:Vacation                            -5 VACHR 

2018-08-02 * "Hoogle" "Payroll"
  Assets:US:BofA:Checking                         2050.60 USD   
  Assets:US:Vanguard:Cash                          500.00 USD   
  Income:US:Hoogle:Salary                        -4615.38 USD   
  Income:US:Hoogle:GroupTermLife                   -24.32 USD   
  Expenses:Health:Life:GroupTermLife                24.32 USD   
  Expenses:Health:Dental:Insurance                   2.90 USD   
  Expenses:Health:Medical:Insurance                 27.38 USD   
  Expenses:Health:Vision:Insurance                  42.30 USD   
  Expenses:Taxes:Y2018:US:Medicare                 106.62 USD   
  Expenses:Taxes:Y2018:US:Federal                 1062.92 USD   
  Expenses:Taxes:Y2018:US:State                    365.08 USD   
  Expenses:Taxes:Y2018:US:CityNYC                  174.92 USD   
  Expenses:Taxes:Y2018:US:SDI                        1.12 USD   
  Expenses:Taxes:Y2018:US:SocSec                   281.54 USD   
  Assets:US:Federal:PreTax401k                    -500.00 IRAUSD
  Expenses:Taxes:Y2018:US:Federal:PreTax401k       500.00 IRAUSD
  Assets:US:Hoogle:Vacation                             5 VACHR 
  Income:US:Hoogle:Vacation                            -5 VACHR 

2018-08-16 * "Hoogle" "Payroll"
  Assets:US:BofA:Checking                         2550.60 USD   
  Income:US:Hoogle:Salary                        -4615.38 USD   
  Income:US:Hoogle:GroupTermLife                   -24.32 USD   
  Expenses:Health:Life:GroupTermLife                24.32 USD   
  Expenses:Health:Dental:Insurance                   2.90 USD   
  Expenses:Health:Medical:Insurance                 27.38 USD   
  Expenses:Health:Vision:Insurance                  42.30 USD   
  Expenses:Taxes:Y2018:US:Medicare                 106.62 USD   
  Expenses:Taxes:Y2018:US:Federal                 1062.92 USD   
  Expenses:Taxes:Y2018:US:State                    365.08 USD   
  Expenses:Taxes:Y2018:US:CityNYC                  174.92 USD   
  Expenses:Taxes:Y2018:US:SDI                        1.12 USD   
  Expenses:Taxes:Y2018:US:SocSec                   281.54 USD   
  Assets:US:Federal:PreTax401k                       0.00 IRAUSD
  Assets:US:Hoogle:Vacation                             5 VACHR 
  Income:US:Hoogle:Vacation                            -5 VACHR 

2018-08-30 * "Hoogle" "Payroll"
  Assets:US:BofA:Checking                         2550.60 USD   
  Income:US:Hoogle:Salary                        -4615.38 USD   
  Income:US:Hoogle:GroupTermLife                   -24.32 USD   
  Expenses:Health:Life:GroupTermLife                24.32 USD   
  Expenses:Health:Dental:Insurance                   2.90 USD   
  Expenses:Health:Medical:Insurance                 27.38 USD   
  Expenses:Health:Vision:Insurance                  42.30 USD   
  Expenses:Taxes:Y2018:US:Medicare                 106.62 USD   
  Expenses:Taxes:Y2018:US:Federal                 1062.92 USD   
  Expenses:Taxes:Y2018:US:State                    365.08 USD   
  Expenses:Taxes:Y2018:US:CityNYC                  174.92 USD   
  Expenses:Taxes:Y2018:US:SDI                        1.12 USD   
  Expenses:Taxes:Y2018:US:SocSec                   281.54 USD   
  Assets:US:Federal:PreTax401k                       0.00 IRAUSD
  Assets:US:Hoogle:Vacation                             5 VACHR 
  Income:US:Hoogle:Vacation                            -5 VACHR 

2018-09-13 * "Hoogle" "Payroll"
  Assets:US:BofA:Checking                         2550.60 USD   
  Income:US:Hoogle:Salary                        -4615.38 USD   
  Income:US:Hoogle:GroupTermLife                   -24.32 USD   
  Expenses:Health:Life:GroupTermLife                24.32 USD   
  Expenses:Health:Dental:Insurance                   2.90 USD   
  Expenses:Health:Medical:Insurance                 27.38 USD   
  Expenses:Health:Vision:Insurance                  42.30 USD   
  Expenses:Taxes:Y2018:US:Medicare                 106.62 USD   
  Expenses:Taxes:Y2018:US:Federal                 1062.92 USD   
  Expenses:Taxes:Y2018:US:State                    365.08 USD   
  Expenses:Taxes:Y2018:US:CityNYC                  174.92 USD   
  Expenses:Taxes:Y2018:US:SDI                        1.12 USD   
  Expenses:Taxes:Y2018:US:SocSec                   281.54 USD   
  Assets:US:Federal:PreTax401k                       0.00 IRAUSD
  Assets:US:Hoogle:Vacation                             5 VACHR 
  Income:US:Hoogle:Vacation                            -5 VACHR 

2018-09-27 * "Hoogle" "Payroll"
  Assets:US:BofA:Checking                         2550.60 USD   
  Income:US:Hoogle:Salary                        -4615.38 USD   
  Income:US:Hoogle:GroupTermLife                   -24.32 USD   
  Expenses:Health:Life:GroupTermLife                24.32 USD   
  Expenses:Health:Dental:Insurance                   2.90 USD   
  Expenses:Health:Medical:Insurance                 27.38 USD   
  Expenses:Health:Vision:Insurance                  42.30 USD   
  Expenses:Taxes:Y2018:US:Medicare                 106.62 USD   
  Expenses:Taxes:Y2018:US:Federal                 1062.92 USD   
  Expenses:Taxes:Y2018:US:State                    365.08 USD   
  Expenses:Taxes:Y2018:US:CityNYC                  174.92 USD   
  Expenses:Taxes:Y2018:US:SDI                        1.12 USD   
  Expenses:Taxes:Y2018:US:SocSec                   281.54 USD   
  Assets:US:Federal:PreTax401k                       0.00 IRAUSD
  Assets:US:Hoogle:Vacation                             5 VACHR 
  Income:US:Hoogle:Vacation                            -5 VACHR 

2018-10-11 * "Hoogle" "Payroll"
  Assets:US:BofA:Checking                         2550.60 USD   
  Income:US:Hoogle:Salary                        -4615.38 USD   
  Income:US:Hoogle:GroupTermLife                   -24.32 USD   
  Expenses:Health:Life:GroupTermLife                24.32 USD   
  Expenses:Health:Dental:Insurance                   2.90 USD   
  Expenses:Health:Medical:Insurance                 27.38 USD   
  Expenses:Health:Vision:Insurance                  42.30 USD   
  Expenses:Taxes:Y2018:US:Medicare                 106.62 USD   
  Expenses:Taxes:Y2018:US:Federal                 1062.92 USD   
  Expenses:Taxes:Y2018:US:State                    365.08 USD   
  Expenses:Taxes:Y2018:US:CityNYC                  174.92 USD   
  Expenses:Taxes:Y2018:US:SDI                        1.12 USD   
  Expenses:Taxes:Y2018:US:SocSec                   281.54 USD   
  Assets:US:Federal:PreTax401k                       0.00 IRAUSD
  Assets:US:Hoogle:Vacation                             5 VACHR 
  Income:US:Hoogle:Vacation                            -5 VACHR 

2018-10-25 * "Hoogle" "Payroll"
  Assets:US:BofA:Checking                         2550.60 USD   
  Income:US:Hoogle:Salary                        -4615.38 USD   
  Income:US:Hoogle:GroupTermLife                   -24.32 USD   
  Expenses:Health:Life:GroupTermLife                24.32 USD   
  Expenses:Health:Dental:Insurance                   2.90 USD   
  Expenses:Health:Medical:Insurance                 27.38 USD   
  Expenses:Health:Vision:Insurance                  42.30 USD   
  Expenses:Taxes:Y2018:US:Medicare                 106.62 USD   
  Expenses:Taxes:Y2018:US:Federal                 1062.92 USD   
  Expenses:Taxes:Y2018:US:State                    365.08 USD   
  Expenses:Taxes:Y2018:US:CityNYC                  174.92 USD   
  Expenses:Taxes:Y2018:US:SDI                        1.12 USD   
  Expenses:Taxes:Y2018:US:SocSec                   281.54 USD   
  Assets:US:Federal:PreTax401k                       0.00 IRAUSD
  Assets:US:Hoogle:Vacation                             5 VACHR 
  Income:US:Hoogle:Vacation                            -5 VACHR 

2018-11-08 * "Hoogle" "Payroll"
  Assets:US:BofA:Checking                         2550.60 USD   
  Income:US:Hoogle:Salary                        -4615.38 USD   
  Income:US:Hoogle:GroupTermLife                   -24.32 USD   
  Expenses:Health:Life:GroupTermLife                24.32 USD   
  Expenses:Health:Dental:Insurance                   2.90 USD   
  Expenses:Health:Medical:Insurance                 27.38 USD   
  Expenses:Health:Vision:Insurance                  42.30 USD   
  Expenses:Taxes:Y2018:US:Medicare                 106.62 USD   
  Expenses:Taxes:Y2018:US:Federal                 1062.92 USD   
  Expenses:Taxes:Y2018:US:State                    365.08 USD   
  Expenses:Taxes:Y2018:US:CityNYC                  174.92 USD   
  Expenses:Taxes:Y2018:US:SDI                        1.12 USD   
  Expenses:Taxes:Y2018:US:SocSec                   281.54 USD   
  Assets:US:Federal:PreTax401k                       0.00 IRAUSD
  Assets:US:Hoogle:Vacation                             5 VACHR 
  Income:US:Hoogle:Vacation                            -5 VACHR 

2018-11-22 * "Hoogle" "Payroll"
  Assets:US:BofA:Checking                         2550.60 USD   
  Income:US:Hoogle:Salary                        -4615.38 USD   
  Income:US:Hoogle:GroupTermLife                   -24.32 USD   
  Expenses:Health:Life:GroupTermLife                24.32 USD   
  Expenses:Health:Dental:Insurance                   2.90 USD   
  Expenses:Health:Medical:Insurance                 27.38 USD   
  Expenses:Health:Vision:Insurance                  42.30 USD   
  Expenses:Taxes:Y2018:US:Medicare                 106.62 USD   
  Expenses:Taxes:Y2018:US:Federal                 1062.92 USD   
  Expenses:Taxes:Y2018:US:State                    365.08 USD   
  Expenses:Taxes:Y2018:US:CityNYC                  174.92 USD   
  Expenses:Taxes:Y2018:US:SDI                        1.12 USD   
  Expenses:Taxes:Y2018:US:SocSec                   281.54 USD   
  Assets:US:Federal:PreTax401k                       0.00 IRAUSD
  Assets:US:Hoogle:Vacation                             5 VACHR 
  Income:US:Hoogle:Vacation                            -5 VACHR 

2018-12-06 * "Hoogle" "Payroll"
  Assets:US:BofA:Checking                         2589.06 USD   
  Income:US:Hoogle:Salary                        -4615.38 USD   
  Income:US:Hoogle:GroupTermLife                   -24.32 USD   
  Expenses:Health:Life:GroupTermLife                24.32 USD   
  Expenses:Health:Dental:Insurance                   2.90 USD   
  Expenses:Health:Medical:Insurance                 27.38 USD   
  Expenses:Health:Vision:Insurance                  42.30 USD   
  Expenses:Taxes:Y2018:US:Medicare                 106.62 USD   
  Expenses:Taxes:Y2018:US:Federal                 1062.92 USD   
  Expenses:Taxes:Y2018:US:State                    365.08 USD   
  Expenses:Taxes:Y2018:US:CityNYC                  174.92 USD   
  Expenses:Taxes:Y2018:US:SDI                        1.12 USD   
  Expenses:Taxes:Y2018:US:SocSec                   243.08 USD   
  Assets:US:Federal:PreTax401k                       0.00 IRAUSD
  Assets:US:Hoogle:Vacation                             5 VACHR 
  Income:US:Hoogle:Vacation                            -5 VACHR 

2018-12-20 * "Hoogle" "Payroll"
  Assets:US:BofA:Checking                         2832.14 USD   
  Income:US:Hoogle:Salary                        -4615.38 USD   
  Income:US:Hoogle:GroupTermLife                   -24.32 USD   
  Expenses:Health:Life:GroupTermLife                24.32 USD   
  Expenses:Health:Dental:Insurance                   2.90 USD   
  Expenses:Health:Medical:Insurance                 27.38 USD   
  Expenses:Health:Vision:Insurance                  42.30 USD   
  Expenses:Taxes:Y2018:US:Medicare                 106.62 USD   
  Expenses:Taxes:Y2018:US:Federal                 1062.92 USD   
  Expenses:Taxes:Y2018:US:State                    365.08 USD   
  Expenses:Taxes:Y2018:US:CityNYC                  174.92 USD   
  Expenses:Taxes:Y2018:US:SDI                        1.12 USD   
  Expenses:Taxes:Y2018:US:SocSec                     0.00 USD   
  Assets:US:Federal:PreTax401k                       0.00 IRAUSD
  Assets:US:Hoogle:Vacation                             5 VACHR 
  Income:US:Hoogle:Vacation                            -5 VACHR 

2019-01-03 * "Hoogle" "Payroll"
  Assets:US:BofA:Checking                         1350.60 USD   
  Assets:US:Vanguard:Cash                         1200.00 USD   
  Income:US:Hoogle:Salary                        -4615.38 USD   
  Income:US:Hoogle:GroupTermLife                   -24.32 USD   
  Expenses:Health:Life:GroupTermLife                24.32 USD   
  Expenses:Health:Dental:Insurance                   2.90 USD   
  Expenses:Health:Medical:Insurance                 27.38 USD   
  Expenses:Health:Vision:Insurance                  42.30 USD   
  Expenses:Taxes:Y2019:US:Medicare                 106.62 USD   
  Expenses:Taxes:Y2019:US:Federal                 1062.92 USD   
  Expenses:Taxes:Y2019:US:State                    365.08 USD   
  Expenses:Taxes:Y2019:US:CityNYC                  174.92 USD   
  Expenses:Taxes:Y2019:US:SDI                        1.12 USD   
  Expenses:Taxes:Y2019:US:SocSec                   281.54 USD   
  Assets:US:Federal:PreTax401k                   -1200.00 IRAUSD
  Expenses:Taxes:Y2019:US:Federal:PreTax401k      1200.00 IRAUSD
  Assets:US:Hoogle:Vacation                             5 VACHR 
  Income:US:Hoogle:Vacation                            -5 VACHR 

2019-01-17 * "Hoogle" "Payroll"
  Assets:US:BofA:Checking                         1350.60 USD   
  Assets:US:Vanguard:Cash                         1200.00 USD   
  Income:US:Hoogle:Salary                        -4615.38 USD   
  Income:US:Hoogle:GroupTermLife                   -24.32 USD   
  Expenses:Health:Life:GroupTermLife                24.32 USD   
  Expenses:Health:Dental:Insurance                   2.90 USD   
  Expenses:Health:Medical:Insurance                 27.38 USD   
  Expenses:Health:Vision:Insurance                  42.30 USD   
  Expenses:Taxes:Y2019:US:Medicare                 106.62 USD   
  Expenses:Taxes:Y2019:US:Federal                 1062.92 USD   
  Expenses:Taxes:Y2019:US:State                    365.08 USD   
  Expenses:Taxes:Y2019:US:CityNYC                  174.92 USD   
  Expenses:Taxes:Y2019:US:SDI                        1.12 USD   
  Expenses:Taxes:Y2019:US:SocSec                   281.54 USD   
  Assets:US:Federal:PreTax401k                   -1200.00 IRAUSD
  Expenses:Taxes:Y2019:US:Federal:PreTax401k      1200.00 IRAUSD
  Assets:US:Hoogle:Vacation                             5 VACHR 
  Income:US:Hoogle:Vacation                            -5 VACHR 

2019-01-31 * "Hoogle" "Payroll"
  Assets:US:BofA:Checking                         1350.60 USD   
  Assets:US:Vanguard:Cash                         1200.00 USD   
  Income:US:Hoogle:Salary                        -4615.38 USD   
  Income:US:Hoogle:GroupTermLife                   -24.32 USD   
  Expenses:Health:Life:GroupTermLife                24.32 USD   
  Expenses:Health:Dental:Insurance                   2.90 USD   
  Expenses:Health:Medical:Insurance                 27.38 USD   
  Expenses:Health:Vision:Insurance                  42.30 USD   
  Expenses:Taxes:Y2019:US:Medicare                 106.62 USD   
  Expenses:Taxes:Y2019:US:Federal                 1062.92 USD   
  Expenses:Taxes:Y2019:US:State                    365.08 USD   
  Expenses:Taxes:Y2019:US:CityNYC                  174.92 USD   
  Expenses:Taxes:Y2019:US:SDI                        1.12 USD   
  Expenses:Taxes:Y2019:US:SocSec                   281.54 USD   
  Assets:US:Federal:PreTax401k                   -1200.00 IRAUSD
  Expenses:Taxes:Y2019:US:Federal:PreTax401k      1200.00 IRAUSD
  Assets:US:Hoogle:Vacation                             5 VACHR 
  Income:US:Hoogle:Vacation                            -5 VACHR 

2019-02-14 * "Hoogle" "Payroll"
  Assets:US:BofA:Checking                         1350.60 USD   
  Assets:US:Vanguard:Cash                         1200.00 USD   
  Income:US:Hoogle:Salary                        -4615.38 USD   
  Income:US:Hoogle:GroupTermLife                   -24.32 USD   
  Expenses:Health:Life:GroupTermLife                24.32 USD   
  Expenses:Health:Dental:Insurance                   2.90 USD   
  Expenses:Health:Medical:Insurance                 27.38 USD   
  Expenses:Health:Vision:Insurance                  42.30 USD   
  Expenses:Taxes:Y2019:US:Medicare                 106.62 USD   
  Expenses:Taxes:Y2019:US:Federal                 1062.92 USD   
  Expenses:Taxes:Y2019:US:State                    365.08 USD   
  Expenses:Taxes:Y2019:US:CityNYC                  174.92 USD   
  Expenses:Taxes:Y2019:US:SDI                        1.12 USD   
  Expenses:Taxes:Y2019:US:SocSec                   281.54 USD   
  Assets:US:Federal:PreTax401k                   -1200.00 IRAUSD
  Expenses:Taxes:Y2019:US:Federal:PreTax401k      1200.00 IRAUSD
  Assets:US:Hoogle:Vacation                             5 VACHR 
  Income:US:Hoogle:Vacation                            -5 VACHR 

2019-02-28 * "Hoogle" "Payroll"
  Assets:US:BofA:Checking                         1350.60 USD   
  Assets:US:Vanguard:Cash                         1200.00 USD   
  Income:US:Hoogle:Salary                        -4615.38 USD   
  Income:US:Hoogle:GroupTermLife                   -24.32 USD   
  Expenses:Health:Life:GroupTermLife                24.32 USD   
  Expenses:Health:Dental:Insurance                   2.90 USD   
  Expenses:Health:Medical:Insurance                 27.38 USD   
  Expenses:Health:Vision:Insurance                  42.30 USD   
  Expenses:Taxes:Y2019:US:Medicare                 106.62 USD   
  Expenses:Taxes:Y2019:US:Federal                 1062.92 USD   
  Expenses:Taxes:Y2019:US:State                    365.08 USD   
  Expenses:Taxes:Y2019:US:CityNYC                  174.92 USD   
  Expenses:Taxes:Y2019:US:SDI                        1.12 USD   
  Expenses:Taxes:Y2019:US:SocSec                   281.54 USD   
  Assets:US:Federal:PreTax401k                   -1200.00 IRAUSD
  Expenses:Taxes:Y2019:US:Federal:PreTax401k      1200.00 IRAUSD
  Assets:US:Hoogle:Vacation                             5 VACHR 
  Income:US:Hoogle:Vacation                            -5 VACHR 

2019-03-14 * "Hoogle" "Payroll"
  Assets:US:BofA:Checking                         1350.60 USD   
  Assets:US:Vanguard:Cash                         1200.00 USD   
  Income:US:Hoogle:Salary                        -4615.38 USD   
  Income:US:Hoogle:GroupTermLife                   -24.32 USD   
  Expenses:Health:Life:GroupTermLife                24.32 USD   
  Expenses:Health:Dental:Insurance                   2.90 USD   
  Expenses:Health:Medical:Insurance                 27.38 USD   
  Expenses:Health:Vision:Insurance                  42.30 USD   
  Expenses:Taxes:Y2019:US:Medicare                 106.62 USD   
  Expenses:Taxes:Y2019:US:Federal                 1062.92 USD   
  Expenses:Taxes:Y2019:US:State                    365.08 USD   
  Expenses:Taxes:Y2019:US:CityNYC                  174.92 USD   
  Expenses:Taxes:Y2019:US:SDI                        1.12 USD   
  Expenses:Taxes:Y2019:US:SocSec                   281.54 USD   
  Assets:US:Federal:PreTax401k                   -1200.00 IRAUSD
  Expenses:Taxes:Y2019:US:Federal:PreTax401k      1200.00 IRAUSD
  Assets:US:Hoogle:Vacation                             5 VACHR 
  Income:US:Hoogle:Vacation                            -5 VACHR 

2019-03-28 * "Hoogle" "Payroll"
  Assets:US:BofA:Checking                         1350.60 USD   
  Assets:US:Vanguard:Cash                         1200.00 USD   
  Income:US:Hoogle:Salary                        -4615.38 USD   
  Income:US:Hoogle:GroupTermLife                   -24.32 USD   
  Expenses:Health:Life:GroupTermLife                24.32 USD   
  Expenses:Health:Dental:Insurance                   2.90 USD   
  Expenses:Health:Medical:Insurance                 27.38 USD   
  Expenses:Health:Vision:Insurance                  42.30 USD   
  Expenses:Taxes:Y2019:US:Medicare                 106.62 USD   
  Expenses:Taxes:Y2019:US:Federal                 1062.92 USD   
  Expenses:Taxes:Y2019:US:State                    365.08 USD   
  Expenses:Taxes:Y2019:US:CityNYC                  174.92 USD   
  Expenses:Taxes:Y2019:US:SDI                        1.12 USD   
  Expenses:Taxes:Y2019:US:SocSec                   281.54 USD   
  Assets:US:Federal:PreTax401k                   -1200.00 IRAUSD
  Expenses:Taxes:Y2019:US:Federal:PreTax401k      1200.00 IRAUSD
  Assets:US:Hoogle:Vacation                             5 VACHR 
  Income:US:Hoogle:Vacation                            -5 VACHR 

2019-04-11 * "Hoogle" "Payroll"
  Assets:US:BofA:Checking                         1350.60 USD   
  Assets:US:Vanguard:Cash                         1200.00 USD   
  Income:US:Hoogle:Salary                        -4615.38 USD   
  Income:US:Hoogle:GroupTermLife                   -24.32 USD   
  Expenses:Health:Life:GroupTermLife                24.32 USD   
  Expenses:Health:Dental:Insurance                   2.90 USD   
  Expenses:Health:Medical:Insurance                 27.38 USD   
  Expenses:Health:Vision:Insurance                  42.30 USD   
  Expenses:Taxes:Y2019:US:Medicare                 106.62 USD   
  Expenses:Taxes:Y2019:US:Federal                 1062.92 USD   
  Expenses:Taxes:Y2019:US:State                    365.08 USD   
  Expenses:Taxes:Y2019:US:CityNYC                  174.92 USD   
  Expenses:Taxes:Y2019:US:SDI                        1.12 USD   
  Expenses:Taxes:Y2019:US:SocSec                   281.54 USD   
  Assets:US:Federal:PreTax401k                   -1200.00 IRAUSD
  Expenses:Taxes:Y2019:US:Federal:PreTax401k      1200.00 IRAUSD
  Assets:US:Hoogle:Vacation                             5 VACHR 
  Income:US:Hoogle:Vacation                            -5 VACHR 

2019-04-25 * "Hoogle" "Payroll"
  Assets:US:BofA:Checking                         1350.60 USD   
  Assets:US:Vanguard:Cash                         1200.00 USD   
  Income:US:Hoogle:Salary                        -4615.38 USD   
  Income:US:Hoogle:GroupTermLife                   -24.32 USD   
  Expenses:Health:Life:GroupTermLife                24.32 USD   
  Expenses:Health:Dental:Insurance                   2.90 USD   
  Expenses:Health:Medical:Insurance                 27.38 USD   
  Expenses:Health:Vision:Insurance                  42.30 USD   
  Expenses:Taxes:Y2019:US:Medicare                 106.62 USD   
  Expenses:Taxes:Y2019:US:Federal                 1062.92 USD   
  Expenses:Taxes:Y2019:US:State                    365.08 USD   
  Expenses:Taxes:Y2019:US:CityNYC                  174.92 USD   
  Expenses:Taxes:Y2019:US:SDI                        1.12 USD   
  Expenses:Taxes:Y2019:US:SocSec                   281.54 USD   
  Assets:US:Federal:PreTax401k                   -1200.00 IRAUSD
  Expenses:Taxes:Y2019:US:Federal:PreTax401k      1200.00 IRAUSD
  Assets:US:Hoogle:Vacation                             5 VACHR 
  Income:US:Hoogle:Vacation                            -5 VACHR 

2019-05-09 * "Hoogle" "Payroll"
  Assets:US:BofA:Checking                         1350.60 USD   
  Assets:US:Vanguard:Cash                         1200.00 USD   
  Income:US:Hoogle:Salary                        -4615.38 USD   
  Income:US:Hoogle:GroupTermLife                   -24.32 USD   
  Expenses:Health:Life:GroupTermLife                24.32 USD   
  Expenses:Health:Dental:Insurance                   2.90 USD   
  Expenses:Health:Medical:Insurance                 27.38 USD   
  Expenses:Health:Vision:Insurance                  42.30 USD   
  Expenses:Taxes:Y2019:US:Medicare                 106.62 USD   
  Expenses:Taxes:Y2019:US:Federal                 1062.92 USD   
  Expenses:Taxes:Y2019:US:State                    365.08 USD   
  Expenses:Taxes:Y2019:US:CityNYC                  174.92 USD   
  Expenses:Taxes:Y2019:US:SDI                        1.12 USD   
  Expenses:Taxes:Y2019:US:SocSec                   281.54 USD   
  Assets:US:Federal:PreTax401k                   -1200.00 IRAUSD
  Expenses:Taxes:Y2019:US:Federal:PreTax401k      1200.00 IRAUSD
  Assets:US:Hoogle:Vacation                             5 VACHR 
  Income:US:Hoogle:Vacation                            -5 VACHR 

2019-05-23 * "Hoogle" "Payroll"
  Assets:US:BofA:Checking                         1350.60 USD   
  Assets:US:Vanguard:Cash                         1200.00 USD   
  Income:US:Hoogle:Salary                        -4615.38 USD   
  Income:US:Hoogle:GroupTermLife                   -24.32 USD   
  Expenses:Health:Life:GroupTermLife                24.32 USD   
  Expenses:Health:Dental:Insurance                   2.90 USD   
  Expenses:Health:Medical:Insurance                 27.38 USD   
  Expenses:Health:Vision:Insurance                  42.30 USD   
  Expenses:Taxes:Y2019:US:Medicare                 106.62 USD   
  Expenses:Taxes:Y2019:US:Federal                 1062.92 USD   
  Expenses:Taxes:Y2019:US:State                    365.08 USD   
  Expenses:Taxes:Y2019:US:CityNYC                  174.92 USD   
  Expenses:Taxes:Y2019:US:SDI                        1.12 USD   
  Expenses:Taxes:Y2019:US:SocSec                   281.54 USD   
  Assets:US:Federal:PreTax401k                   -1200.00 IRAUSD
  Expenses:Taxes:Y2019:US:Federal:PreTax401k      1200.00 IRAUSD
  Assets:US:Hoogle:Vacation                             5 VACHR 
  Income:US:Hoogle:Vacation                            -5 VACHR 

2019-06-06 * "Hoogle" "Payroll"
  Assets:US:BofA:Checking                         1350.60 USD   
  Assets:US:Vanguard:Cash                         1200.00 USD   
  Income:US:Hoogle:Salary                        -4615.38 USD   
  Income:US:Hoogle:GroupTermLife                   -24.32 USD   
  Expenses:Health:Life:GroupTermLife                24.32 USD   
  Expenses:Health:Dental:Insurance                   2.90 USD   
  Expenses:Health:Medical:Insurance                 27.38 USD   
  Expenses:Health:Vision:Insurance                  42.30 USD   
  Expenses:Taxes:Y2019:US:Medicare                 106.62 USD   
  Expenses:Taxes:Y2019:US:Federal                 1062.92 USD   
  Expenses:Taxes:Y2019:US:State                    365.08 USD   
  Expenses:Taxes:Y2019:US:CityNYC                  174.92 USD   
  Expenses:Taxes:Y2019:US:SDI                        1.12 USD   
  Expenses:Taxes:Y2019:US:SocSec                   281.54 USD   
  Assets:US:Federal:PreTax401k                   -1200.00 IRAUSD
  Expenses:Taxes:Y2019:US:Federal:PreTax401k      1200.00 IRAUSD
  Assets:US:Hoogle:Vacation                             5 VACHR 
  Income:US:Hoogle:Vacation                            -5 VACHR 

2019-06-20 * "Hoogle" "Payroll"
  Assets:US:BofA:Checking                         1350.60 USD   
  Assets:US:Vanguard:Cash                         1200.00 USD   
  Income:US:Hoogle:Salary                        -4615.38 USD   
  Income:US:Hoogle:GroupTermLife                   -24.32 USD   
  Expenses:Health:Life:GroupTermLife                24.32 USD   
  Expenses:Health:Dental:Insurance                   2.90 USD   
  Expenses:Health:Medical:Insurance                 27.38 USD   
  Expenses:Health:Vision:Insurance                  42.30 USD   
  Expenses:Taxes:Y2019:US:Medicare                 106.62 USD   
  Expenses:Taxes:Y2019:US:Federal                 1062.92 USD   
  Expenses:Taxes:Y2019:US:State                    365.08 USD   
  Expenses:Taxes:Y2019:US:CityNYC                  174.92 USD   
  Expenses:Taxes:Y2019:US:SDI                        1.12 USD   
  Expenses:Taxes:Y2019:US:SocSec                   281.54 USD   
  Assets:US:Federal:PreTax401k                   -1200.00 IRAUSD
  Expenses:Taxes:Y2019:US:Federal:PreTax401k      1200.00 IRAUSD
  Assets:US:Hoogle:Vacation                             5 VACHR 
  Income:US:Hoogle:Vacation                            -5 VACHR 

2019-07-04 * "Hoogle" "Payroll"
  Assets:US:BofA:Checking                         1350.60 USD   
  Assets:US:Vanguard:Cash                         1200.00 USD   
  Income:US:Hoogle:Salary                        -4615.38 USD   
  Income:US:Hoogle:GroupTermLife                   -24.32 USD   
  Expenses:Health:Life:GroupTermLife                24.32 USD   
  Expenses:Health:Dental:Insurance                   2.90 USD   
  Expenses:Health:Medical:Insurance                 27.38 USD   
  Expenses:Health:Vision:Insurance                  42.30 USD   
  Expenses:Taxes:Y2019:US:Medicare                 106.62 USD   
  Expenses:Taxes:Y2019:US:Federal                 1062.92 USD   
  Expenses:Taxes:Y2019:US:State                    365.08 USD   
  Expenses:Taxes:Y2019:US:CityNYC                  174.92 USD   
  Expenses:Taxes:Y2019:US:SDI                        1.12 USD   
  Expenses:Taxes:Y2019:US:SocSec                   281.54 USD   
  Assets:US:Federal:PreTax401k                   -1200.00 IRAUSD
  Expenses:Taxes:Y2019:US:Federal:PreTax401k      1200.00 IRAUSD
  Assets:US:Hoogle:Vacation                             5 VACHR 
  Income:US:Hoogle:Vacation                            -5 VACHR 

2019-07-18 * "Hoogle" "Payroll"
  Assets:US:BofA:Checking                         1350.60 USD   
  Assets:US:Vanguard:Cash                         1200.00 USD   
  Income:US:Hoogle:Salary                        -4615.38 USD   
  Income:US:Hoogle:GroupTermLife                   -24.32 USD   
  Expenses:Health:Life:GroupTermLife                24.32 USD   
  Expenses:Health:Dental:Insurance                   2.90 USD   
  Expenses:Health:Medical:Insurance                 27.38 USD   
  Expenses:Health:Vision:Insurance                  42.30 USD   
  Expenses:Taxes:Y2019:US:Medicare                 106.62 USD   
  Expenses:Taxes:Y2019:US:Federal                 1062.92 USD   
  Expenses:Taxes:Y2019:US:State                    365.08 USD   
  Expenses:Taxes:Y2019:US:CityNYC                  174.92 USD   
  Expenses:Taxes:Y2019:US:SDI                        1.12 USD   
  Expenses:Taxes:Y2019:US:SocSec                   281.54 USD   
  Assets:US:Federal:PreTax401k                   -1200.00 IRAUSD
  Expenses:Taxes:Y2019:US:Federal:PreTax401k      1200.00 IRAUSD
  Assets:US:Hoogle:Vacation                             5 VACHR 
  Income:US:Hoogle:Vacation                            -5 VACHR 

2019-08-01 * "Hoogle" "Payroll"
  Assets:US:BofA:Checking                         2050.60 USD   
  Assets:US:Vanguard:Cash                          500.00 USD   
  Income:US:Hoogle:Salary                        -4615.38 USD   
  Income:US:Hoogle:GroupTermLife                   -24.32 USD   
  Expenses:Health:Life:GroupTermLife                24.32 USD   
  Expenses:Health:Dental:Insurance                   2.90 USD   
  Expenses:Health:Medical:Insurance                 27.38 USD   
  Expenses:Health:Vision:Insurance                  42.30 USD   
  Expenses:Taxes:Y2019:US:Medicare                 106.62 USD   
  Expenses:Taxes:Y2019:US:Federal                 1062.92 USD   
  Expenses:Taxes:Y2019:US:State                    365.08 USD   
  Expenses:Taxes:Y2019:US:CityNYC                  174.92 USD   
  Expenses:Taxes:Y2019:US:SDI                        1.12 USD   
  Expenses:Taxes:Y2019:US:SocSec                   281.54 USD   
  Assets:US:Federal:PreTax401k                    -500.00 IRAUSD
  Expenses:Taxes:Y2019:US:Federal:PreTax401k       500.00 IRAUSD
  Assets:US:Hoogle:Vacation                             5 VACHR 
  Income:US:Hoogle:Vacation                            -5 VACHR 

2019-08-15 * "Hoogle" "Payroll"
  Assets:US:BofA:Checking                         2550.60 USD   
  Income:US:Hoogle:Salary                        -4615.38 USD   
  Income:US:Hoogle:GroupTermLife                   -24.32 USD   
  Expenses:Health:Life:GroupTermLife                24.32 USD   
  Expenses:Health:Dental:Insurance                   2.90 USD   
  Expenses:Health:Medical:Insurance                 27.38 USD   
  Expenses:Health:Vision:Insurance                  42.30 USD   
  Expenses:Taxes:Y2019:US:Medicare                 106.62 USD   
  Expenses:Taxes:Y2019:US:Federal                 1062.92 USD   
  Expenses:Taxes:Y2019:US:State                    365.08 USD   
  Expenses:Taxes:Y2019:US:CityNYC                  174.92 USD   
  Expenses:Taxes:Y2019:US:SDI                        1.12 USD   
  Expenses:Taxes:Y2019:US:SocSec                   281.54 USD   
  Assets:US:Federal:PreTax401k                       0.00 IRAUSD
  Assets:US:Hoogle:Vacation                             5 VACHR 
  Income:US:Hoogle:Vacation                            -5 VACHR 

2019-08-29 * "Hoogle" "Payroll"
  Assets:US:BofA:Checking                         2550.60 USD   
  Income:US:Hoogle:Salary                        -4615.38 USD   
  Income:US:Hoogle:GroupTermLife                   -24.32 USD   
  Expenses:Health:Life:GroupTermLife                24.32 USD   
  Expenses:Health:Dental:Insurance                   2.90 USD   
  Expenses:Health:Medical:Insurance                 27.38 USD   
  Expenses:Health:Vision:Insurance                  42.30 USD   
  Expenses:Taxes:Y2019:US:Medicare                 106.62 USD   
  Expenses:Taxes:Y2019:US:Federal                 1062.92 USD   
  Expenses:Taxes:Y2019:US:State                    365.08 USD   
  Expenses:Taxes:Y2019:US:CityNYC                  174.92 USD   
  Expenses:Taxes:Y2019:US:SDI                        1.12 USD   
  Expenses:Taxes:Y2019:US:SocSec                   281.54 USD   
  Assets:US:Federal:PreTax401k                       0.00 IRAUSD
  Assets:US:Hoogle:Vacation                             5 VACHR 
  Income:US:Hoogle:Vacation                            -5 VACHR 

2019-09-12 * "Hoogle" "Payroll"
  Assets:US:BofA:Checking                         2550.60 USD   
  Income:US:Hoogle:Salary                        -4615.38 USD   
  Income:US:Hoogle:GroupTermLife                   -24.32 USD   
  Expenses:Health:Life:GroupTermLife                24.32 USD   
  Expenses:Health:Dental:Insurance                   2.90 USD   
  Expenses:Health:Medical:Insurance                 27.38 USD   
  Expenses:Health:Vision:Insurance                  42.30 USD   
  Expenses:Taxes:Y2019:US:Medicare                 106.62 USD   
  Expenses:Taxes:Y2019:US:Federal                 1062.92 USD   
  Expenses:Taxes:Y2019:US:State                    365.08 USD   
  Expenses:Taxes:Y2019:US:CityNYC                  174.92 USD   
  Expenses:Taxes:Y2019:US:SDI                        1.12 USD   
  Expenses:Taxes:Y2019:US:SocSec                   281.54 USD   
  Assets:US:Federal:PreTax401k                       0.00 IRAUSD
  Assets:US:Hoogle:Vacation                             5 VACHR 
  Income:US:Hoogle:Vacation                            -5 VACHR 

2019-09-26 * "Hoogle" "Payroll"
  Assets:US:BofA:Checking                         2550.60 USD   
  Income:US:Hoogle:Salary                        -4615.38 USD   
  Income:US:Hoogle:GroupTermLife                   -24.32 USD   
  Expenses:Health:Life:GroupTermLife                24.32 USD   
  Expenses:Health:Dental:Insurance                   2.90 USD   
  Expenses:Health:Medical:Insurance                 27.38 USD   
  Expenses:Health:Vision:Insurance                  42.30 USD   
  Expenses:Taxes:Y2019:US:Medicare                 106.62 USD   
  Expenses:Taxes:Y2019:US:Federal                 1062.92 USD   
  Expenses:Taxes:Y2019:US:State                    365.08 USD   
  Expenses:Taxes:Y2019:US:CityNYC                  174.92 USD   
  Expenses:Taxes:Y2019:US:SDI                        1.12 USD   
  Expenses:Taxes:Y2019:US:SocSec                   281.54 USD   
  Assets:US:Federal:PreTax401k                       0.00 IRAUSD
  Assets:US:Hoogle:Vacation                             5 VACHR 
  Income:US:Hoogle:Vacation                            -5 VACHR 

2019-10-10 * "Hoogle" "Payroll"
  Assets:US:BofA:Checking                         2550.60 USD   
  Income:US:Hoogle:Salary                        -4615.38 USD   
  Income:US:Hoogle:GroupTermLife                   -24.32 USD   
  Expenses:Health:Life:GroupTermLife                24.32 USD   
  Expenses:Health:Dental:Insurance                   2.90 USD   
  Expenses:Health:Medical:Insurance                 27.38 USD   
  Expenses:Health:Vision:Insurance                  42.30 USD   
  Expenses:Taxes:Y2019:US:Medicare                 106.62 USD   
  Expenses:Taxes:Y2019:US:Federal                 1062.92 USD   
  Expenses:Taxes:Y2019:US:State                    365.08 USD   
  Expenses:Taxes:Y2019:US:CityNYC                  174.92 USD   
  Expenses:Taxes:Y2019:US:SDI                        1.12 USD   
  Expenses:Taxes:Y2019:US:SocSec                   281.54 USD   
  Assets:US:Federal:PreTax401k                       0.00 IRAUSD
  Assets:US:Hoogle:Vacation                             5 VACHR 
  Income:US:Hoogle:Vacation                            -5 VACHR 

2019-10-24 * "Hoogle" "Payroll"
  Assets:US:BofA:Checking                         2550.60 USD   
  Income:US:Hoogle:Salary                        -4615.38 USD   
  Income:US:Hoogle:GroupTermLife                   -24.32 USD   
  Expenses:Health:Life:GroupTermLife                24.32 USD   
  Expenses:Health:Dental:Insurance                   2.90 USD   
  Expenses:Health:Medical:Insurance                 27.38 USD   
  Expenses:Health:Vision:Insurance                  42.30 USD   
  Expenses:Taxes:Y2019:US:Medicare                 106.62 USD   
  Expenses:Taxes:Y2019:US:Federal                 1062.92 USD   
  Expenses:Taxes:Y2019:US:State                    365.08 USD   
  Expenses:Taxes:Y2019:US:CityNYC                  174.92 USD   
  Expenses:Taxes:Y2019:US:SDI                        1.12 USD   
  Expenses:Taxes:Y2019:US:SocSec                   281.54 USD   
  Assets:US:Federal:PreTax401k                       0.00 IRAUSD
  Assets:US:Hoogle:Vacation                             5 VACHR 
  Income:US:Hoogle:Vacation                            -5 VACHR 

2019-11-07 * "Hoogle" "Payroll"
  Assets:US:BofA:Checking                         2550.60 USD   
  Income:US:Hoogle:Salary                        -4615.38 USD   
  Income:US:Hoogle:GroupTermLife                   -24.32 USD   
  Expenses:Health:Life:GroupTermLife                24.32 USD   
  Expenses:Health:Dental:Insurance                   2.90 USD   
  Expenses:Health:Medical:Insurance                 27.38 USD   
  Expenses:Health:Vision:Insurance                  42.30 USD   
  Expenses:Taxes:Y2019:US:Medicare                 106.62 USD   
  Expenses:Taxes:Y2019:US:Federal                 1062.92 USD   
  Expenses:Taxes:Y2019:US:State                    365.08 USD   
  Expenses:Taxes:Y2019:US:CityNYC                  174.92 USD   
  Expenses:Taxes:Y2019:US:SDI                        1.12 USD   
  Expenses:Taxes:Y2019:US:SocSec                   281.54 USD   
  Assets:US:Federal:PreTax401k                       0.00 IRAUSD
  Assets:US:Hoogle:Vacation                             5 VACHR 
  Income:US:Hoogle:Vacation                            -5 VACHR 

2019-11-21 * "Hoogle" "Payroll"
  Assets:US:BofA:Checking                         2550.60 USD   
  Income:US:Hoogle:Salary                        -4615.38 USD   
  Income:US:Hoogle:GroupTermLife                   -24.32 USD   
  Expenses:Health:Life:GroupTermLife                24.32 USD   
  Expenses:Health:Dental:Insurance                   2.90 USD   
  Expenses:Health:Medical:Insurance                 27.38 USD   
  Expenses:Health:Vision:Insurance                  42.30 USD   
  Expenses:Taxes:Y2019:US:Medicare                 106.62 USD   
  Expenses:Taxes:Y2019:US:Federal                 1062.92 USD   
  Expenses:Taxes:Y2019:US:State                    365.08 USD   
  Expenses:Taxes:Y2019:US:CityNYC                  174.92 USD   
  Expenses:Taxes:Y2019:US:SDI                        1.12 USD   
  Expenses:Taxes:Y2019:US:SocSec                   281.54 USD   
  Assets:US:Federal:PreTax401k                       0.00 IRAUSD
  Assets:US:Hoogle:Vacation                             5 VACHR 
  Income:US:Hoogle:Vacation                            -5 VACHR 

2019-12-05 * "Hoogle" "Payroll"
  Assets:US:BofA:Checking                         2589.06 USD   
  Income:US:Hoogle:Salary                        -4615.38 USD   
  Income:US:Hoogle:GroupTermLife                   -24.32 USD   
  Expenses:Health:Life:GroupTermLife                24.32 USD   
  Expenses:Health:Dental:Insurance                   2.90 USD   
  Expenses:Health:Medical:Insurance                 27.38 USD   
  Expenses:Health:Vision:Insurance                  42.30 USD   
  Expenses:Taxes:Y2019:US:Medicare                 106.62 USD   
  Expenses:Taxes:Y2019:US:Federal                 1062.92 USD   
  Expenses:Taxes:Y2019:US:State                    365.08 USD   
  Expenses:Taxes:Y2019:US:CityNYC                  174.92 USD   
  Expenses:Taxes:Y2019:US:SDI                        1.12 USD   
  Expenses:Taxes:Y2019:US:SocSec                   243.08 USD   
  Assets:US:Federal:PreTax401k                       0.00 IRAUSD
  Assets:US:Hoogle:Vacation                             5 VACHR 
  Income:US:Hoogle:Vacation                            -5 VACHR 

2019-12-19 * "Hoogle" "Payroll"
  Assets:US:BofA:Checking                         2832.14 USD   
  Income:US:Hoogle:Salary                        -4615.38 USD   
  Income:US:Hoogle:GroupTermLife                   -24.32 USD   
  Expenses:Health:Life:GroupTermLife                24.32 USD   
  Expenses:Health:Dental:Insurance                   2.90 USD   
  Expenses:Health:Medical:Insurance                 27.38 USD   
  Expenses:Health:Vision:Insurance                  42.30 USD   
  Expenses:Taxes:Y2019:US:Medicare                 106.62 USD   
  Expenses:Taxes:Y2019:US:Federal                 1062.92 USD   
  Expenses:Taxes:Y2019:US:State                    365.08 USD   
  Expenses:Taxes:Y2019:US:CityNYC                  174.92 USD   
  Expenses:Taxes:Y2019:US:SDI                        1.12 USD   
  Expenses:Taxes:Y2019:US:SocSec                     0.00 USD   
  Assets:US:Federal:PreTax401k                       0.00 IRAUSD
  Assets:US:Hoogle:Vacation                             5 VACHR 
  Income:US:Hoogle:Vacation                            -5 VACHR 

2020-01-02 * "Hoogle" "Payroll"
  Assets:US:BofA:Checking                         1350.60 USD   
  Assets:US:Vanguard:Cash                         1200.00 USD   
  Income:US:Hoogle:Salary                        -4615.38 USD   
  Income:US:Hoogle:GroupTermLife                   -24.32 USD   
  Expenses:Health:Life:GroupTermLife                24.32 USD   
  Expenses:Health:Dental:Insurance                   2.90 USD   
  Expenses:Health:Medical:Insurance                 27.38 USD   
  Expenses:Health:Vision:Insurance                  42.30 USD   
  Expenses:Taxes:Y2020:US:Medicare                 106.62 USD   
  Expenses:Taxes:Y2020:US:Federal                 1062.92 USD   
  Expenses:Taxes:Y2020:US:State                    365.08 USD   
  Expenses:Taxes:Y2020:US:CityNYC                  174.92 USD   
  Expenses:Taxes:Y2020:US:SDI                        1.12 USD   
  Expenses:Taxes:Y2020:US:SocSec                   281.54 USD   
  Assets:US:Federal:PreTax401k                   -1200.00 IRAUSD
  Expenses:Taxes:Y2020:US:Federal:PreTax401k      1200.00 IRAUSD
  Assets:US:Hoogle:Vacation                             5 VACHR 
  Income:US:Hoogle:Vacation                            -5 VACHR 

2020-01-16 * "Hoogle" "Payroll"
  Assets:US:BofA:Checking                         1350.60 USD   
  Assets:US:Vanguard:Cash                         1200.00 USD   
  Income:US:Hoogle:Salary                        -4615.38 USD   
  Income:US:Hoogle:GroupTermLife                   -24.32 USD   
  Expenses:Health:Life:GroupTermLife                24.32 USD   
  Expenses:Health:Dental:Insurance                   2.90 USD   
  Expenses:Health:Medical:Insurance                 27.38 USD   
  Expenses:Health:Vision:Insurance                  42.30 USD   
  Expenses:Taxes:Y2020:US:Medicare                 106.62 USD   
  Expenses:Taxes:Y2020:US:Federal                 1062.92 USD   
  Expenses:Taxes:Y2020:US:State                    365.08 USD   
  Expenses:Taxes:Y2020:US:CityNYC                  174.92 USD   
  Expenses:Taxes:Y2020:US:SDI                        1.12 USD   
  Expenses:Taxes:Y2020:US:SocSec                   281.54 USD   
  Assets:US:Federal:PreTax401k                   -1200.00 IRAUSD
  Expenses:Taxes:Y2020:US:Federal:PreTax401k      1200.00 IRAUSD
  Assets:US:Hoogle:Vacation                             5 VACHR 
  Income:US:Hoogle:Vacation                            -5 VACHR 

2020-01-30 * "Hoogle" "Payroll"
  Assets:US:BofA:Checking                         1350.60 USD   
  Assets:US:Vanguard:Cash                         1200.00 USD   
  Income:US:Hoogle:Salary                        -4615.38 USD   
  Income:US:Hoogle:GroupTermLife                   -24.32 USD   
  Expenses:Health:Life:GroupTermLife                24.32 USD   
  Expenses:Health:Dental:Insurance                   2.90 USD   
  Expenses:Health:Medical:Insurance                 27.38 USD   
  Expenses:Health:Vision:Insurance                  42.30 USD   
  Expenses:Taxes:Y2020:US:Medicare                 106.62 USD   
  Expenses:Taxes:Y2020:US:Federal                 1062.92 USD   
  Expenses:Taxes:Y2020:US:State                    365.08 USD   
  Expenses:Taxes:Y2020:US:CityNYC                  174.92 USD   
  Expenses:Taxes:Y2020:US:SDI                        1.12 USD   
  Expenses:Taxes:Y2020:US:SocSec                   281.54 USD   
  Assets:US:Federal:PreTax401k                   -1200.00 IRAUSD
  Expenses:Taxes:Y2020:US:Federal:PreTax401k      1200.00 IRAUSD
  Assets:US:Hoogle:Vacation                             5 VACHR 
  Income:US:Hoogle:Vacation                            -5 VACHR 

2020-02-13 * "Hoogle" "Payroll"
  Assets:US:BofA:Checking                         1350.60 USD   
  Assets:US:Vanguard:Cash                         1200.00 USD   
  Income:US:Hoogle:Salary                        -4615.38 USD   
  Income:US:Hoogle:GroupTermLife                   -24.32 USD   
  Expenses:Health:Life:GroupTermLife                24.32 USD   
  Expenses:Health:Dental:Insurance                   2.90 USD   
  Expenses:Health:Medical:Insurance                 27.38 USD   
  Expenses:Health:Vision:Insurance                  42.30 USD   
  Expenses:Taxes:Y2020:US:Medicare                 106.62 USD   
  Expenses:Taxes:Y2020:US:Federal                 1062.92 USD   
  Expenses:Taxes:Y2020:US:State                    365.08 USD   
  Expenses:Taxes:Y2020:US:CityNYC                  174.92 USD   
  Expenses:Taxes:Y2020:US:SDI                        1.12 USD   
  Expenses:Taxes:Y2020:US:SocSec                   281.54 USD   
  Assets:US:Federal:PreTax401k                   -1200.00 IRAUSD
  Expenses:Taxes:Y2020:US:Federal:PreTax401k      1200.00 IRAUSD
  Assets:US:Hoogle:Vacation                             5 VACHR 
  Income:US:Hoogle:Vacation                            -5 VACHR 

2020-02-27 * "Hoogle" "Payroll"
  Assets:US:BofA:Checking                         1350.60 USD   
  Assets:US:Vanguard:Cash                         1200.00 USD   
  Income:US:Hoogle:Salary                        -4615.38 USD   
  Income:US:Hoogle:GroupTermLife                   -24.32 USD   
  Expenses:Health:Life:GroupTermLife                24.32 USD   
  Expenses:Health:Dental:Insurance                   2.90 USD   
  Expenses:Health:Medical:Insurance                 27.38 USD   
  Expenses:Health:Vision:Insurance                  42.30 USD   
  Expenses:Taxes:Y2020:US:Medicare                 106.62 USD   
  Expenses:Taxes:Y2020:US:Federal                 1062.92 USD   
  Expenses:Taxes:Y2020:US:State                    365.08 USD   
  Expenses:Taxes:Y2020:US:CityNYC                  174.92 USD   
  Expenses:Taxes:Y2020:US:SDI                        1.12 USD   
  Expenses:Taxes:Y2020:US:SocSec                   281.54 USD   
  Assets:US:Federal:PreTax401k                   -1200.00 IRAUSD
  Expenses:Taxes:Y2020:US:Federal:PreTax401k      1200.00 IRAUSD
  Assets:US:Hoogle:Vacation                             5 VACHR 
  Income:US:Hoogle:Vacation                            -5 VACHR 

2020-03-12 * "Hoogle" "Payroll"
  Assets:US:BofA:Checking                         1350.60 USD   
  Assets:US:Vanguard:Cash                         1200.00 USD   
  Income:US:Hoogle:Salary                        -4615.38 USD   
  Income:US:Hoogle:GroupTermLife                   -24.32 USD   
  Expenses:Health:Life:GroupTermLife                24.32 USD   
  Expenses:Health:Dental:Insurance                   2.90 USD   
  Expenses:Health:Medical:Insurance                 27.38 USD   
  Expenses:Health:Vision:Insurance                  42.30 USD   
  Expenses:Taxes:Y2020:US:Medicare                 106.62 USD   
  Expenses:Taxes:Y2020:US:Federal                 1062.92 USD   
  Expenses:Taxes:Y2020:US:State                    365.08 USD   
  Expenses:Taxes:Y2020:US:CityNYC                  174.92 USD   
  Expenses:Taxes:Y2020:US:SDI                        1.12 USD   
  Expenses:Taxes:Y2020:US:SocSec                   281.54 USD   
  Assets:US:Federal:PreTax401k                   -1200.00 IRAUSD
  Expenses:Taxes:Y2020:US:Federal:PreTax401k      1200.00 IRAUSD
  Assets:US:Hoogle:Vacation                             5 VACHR 
  Income:US:Hoogle:Vacation                            -5 VACHR 

2020-03-26 * "Hoogle" "Payroll"
  Assets:US:BofA:Checking                         1350.60 USD   
  Assets:US:Vanguard:Cash                         1200.00 USD   
  Income:US:Hoogle:Salary                        -4615.38 USD   
  Income:US:Hoogle:GroupTermLife                   -24.32 USD   
  Expenses:Health:Life:GroupTermLife                24.32 USD   
  Expenses:Health:Dental:Insurance                   2.90 USD   
  Expenses:Health:Medical:Insurance                 27.38 USD   
  Expenses:Health:Vision:Insurance                  42.30 USD   
  Expenses:Taxes:Y2020:US:Medicare                 106.62 USD   
  Expenses:Taxes:Y2020:US:Federal                 1062.92 USD   
  Expenses:Taxes:Y2020:US:State                    365.08 USD   
  Expenses:Taxes:Y2020:US:CityNYC                  174.92 USD   
  Expenses:Taxes:Y2020:US:SDI                        1.12 USD   
  Expenses:Taxes:Y2020:US:SocSec                   281.54 USD   
  Assets:US:Federal:PreTax401k                   -1200.00 IRAUSD
  Expenses:Taxes:Y2020:US:Federal:PreTax401k      1200.00 IRAUSD
  Assets:US:Hoogle:Vacation                             5 VACHR 
  Income:US:Hoogle:Vacation                            -5 VACHR 

2020-04-09 * "Hoogle" "Payroll"
  Assets:US:BofA:Checking                         1350.60 USD   
  Assets:US:Vanguard:Cash                         1200.00 USD   
  Income:US:Hoogle:Salary                        -4615.38 USD   
  Income:US:Hoogle:GroupTermLife                   -24.32 USD   
  Expenses:Health:Life:GroupTermLife                24.32 USD   
  Expenses:Health:Dental:Insurance                   2.90 USD   
  Expenses:Health:Medical:Insurance                 27.38 USD   
  Expenses:Health:Vision:Insurance                  42.30 USD   
  Expenses:Taxes:Y2020:US:Medicare                 106.62 USD   
  Expenses:Taxes:Y2020:US:Federal                 1062.92 USD   
  Expenses:Taxes:Y2020:US:State                    365.08 USD   
  Expenses:Taxes:Y2020:US:CityNYC                  174.92 USD   
  Expenses:Taxes:Y2020:US:SDI                        1.12 USD   
  Expenses:Taxes:Y2020:US:SocSec                   281.54 USD   
  Assets:US:Federal:PreTax401k                   -1200.00 IRAUSD
  Expenses:Taxes:Y2020:US:Federal:PreTax401k      1200.00 IRAUSD
  Assets:US:Hoogle:Vacation                             5 VACHR 
  Income:US:Hoogle:Vacation                            -5 VACHR 

2020-04-23 * "Hoogle" "Payroll"
  Assets:US:BofA:Checking                         1350.60 USD   
  Assets:US:Vanguard:Cash                         1200.00 USD   
  Income:US:Hoogle:Salary                        -4615.38 USD   
  Income:US:Hoogle:GroupTermLife                   -24.32 USD   
  Expenses:Health:Life:GroupTermLife                24.32 USD   
  Expenses:Health:Dental:Insurance                   2.90 USD   
  Expenses:Health:Medical:Insurance                 27.38 USD   
  Expenses:Health:Vision:Insurance                  42.30 USD   
  Expenses:Taxes:Y2020:US:Medicare                 106.62 USD   
  Expenses:Taxes:Y2020:US:Federal                 1062.92 USD   
  Expenses:Taxes:Y2020:US:State                    365.08 USD   
  Expenses:Taxes:Y2020:US:CityNYC                  174.92 USD   
  Expenses:Taxes:Y2020:US:SDI                        1.12 USD   
  Expenses:Taxes:Y2020:US:SocSec                   281.54 USD   
  Assets:US:Federal:PreTax401k                   -1200.00 IRAUSD
  Expenses:Taxes:Y2020:US:Federal:PreTax401k      1200.00 IRAUSD
  Assets:US:Hoogle:Vacation                             5 VACHR 
  Income:US:Hoogle:Vacation                            -5 VACHR 

2020-05-07 * "Hoogle" "Payroll"
  Assets:US:BofA:Checking                         1350.60 USD   
  Assets:US:Vanguard:Cash                         1200.00 USD   
  Income:US:Hoogle:Salary                        -4615.38 USD   
  Income:US:Hoogle:GroupTermLife                   -24.32 USD   
  Expenses:Health:Life:GroupTermLife                24.32 USD   
  Expenses:Health:Dental:Insurance                   2.90 USD   
  Expenses:Health:Medical:Insurance                 27.38 USD   
  Expenses:Health:Vision:Insurance                  42.30 USD   
  Expenses:Taxes:Y2020:US:Medicare                 106.62 USD   
  Expenses:Taxes:Y2020:US:Federal                 1062.92 USD   
  Expenses:Taxes:Y2020:US:State                    365.08 USD   
  Expenses:Taxes:Y2020:US:CityNYC                  174.92 USD   
  Expenses:Taxes:Y2020:US:SDI                        1.12 USD   
  Expenses:Taxes:Y2020:US:SocSec                   281.54 USD   
  Assets:US:Federal:PreTax401k                   -1200.00 IRAUSD
  Expenses:Taxes:Y2020:US:Federal:PreTax401k      1200.00 IRAUSD
  Assets:US:Hoogle:Vacation                             5 VACHR 
  Income:US:Hoogle:Vacation                            -5 VACHR 

2020-05-21 * "Hoogle" "Payroll"
  Assets:US:BofA:Checking                         1350.60 USD   
  Assets:US:Vanguard:Cash                         1200.00 USD   
  Income:US:Hoogle:Salary                        -4615.38 USD   
  Income:US:Hoogle:GroupTermLife                   -24.32 USD   
  Expenses:Health:Life:GroupTermLife                24.32 USD   
  Expenses:Health:Dental:Insurance                   2.90 USD   
  Expenses:Health:Medical:Insurance                 27.38 USD   
  Expenses:Health:Vision:Insurance                  42.30 USD   
  Expenses:Taxes:Y2020:US:Medicare                 106.62 USD   
  Expenses:Taxes:Y2020:US:Federal                 1062.92 USD   
  Expenses:Taxes:Y2020:US:State                    365.08 USD   
  Expenses:Taxes:Y2020:US:CityNYC                  174.92 USD   
  Expenses:Taxes:Y2020:US:SDI                        1.12 USD   
  Expenses:Taxes:Y2020:US:SocSec                   281.54 USD   
  Assets:US:Federal:PreTax401k                   -1200.00 IRAUSD
  Expenses:Taxes:Y2020:US:Federal:PreTax401k      1200.00 IRAUSD
  Assets:US:Hoogle:Vacation                             5 VACHR 
  Income:US:Hoogle:Vacation                            -5 VACHR 

2020-06-04 * "Hoogle" "Payroll"
  Assets:US:BofA:Checking                         1350.60 USD   
  Assets:US:Vanguard:Cash                         1200.00 USD   
  Income:US:Hoogle:Salary                        -4615.38 USD   
  Income:US:Hoogle:GroupTermLife                   -24.32 USD   
  Expenses:Health:Life:GroupTermLife                24.32 USD   
  Expenses:Health:Dental:Insurance                   2.90 USD   
  Expenses:Health:Medical:Insurance                 27.38 USD   
  Expenses:Health:Vision:Insurance                  42.30 USD   
  Expenses:Taxes:Y2020:US:Medicare                 106.62 USD   
  Expenses:Taxes:Y2020:US:Federal                 1062.92 USD   
  Expenses:Taxes:Y2020:US:State                    365.08 USD   
  Expenses:Taxes:Y2020:US:CityNYC                  174.92 USD   
  Expenses:Taxes:Y2020:US:SDI                        1.12 USD   
  Expenses:Taxes:Y2020:US:SocSec                   281.54 USD   
  Assets:US:Federal:PreTax401k                   -1200.00 IRAUSD
  Expenses:Taxes:Y2020:US:Federal:PreTax401k      1200.00 IRAUSD
  Assets:US:Hoogle:Vacation                             5 VACHR 
  Income:US:Hoogle:Vacation                            -5 VACHR 

2020-06-18 * "Hoogle" "Payroll"
  Assets:US:BofA:Checking                         1350.60 USD   
  Assets:US:Vanguard:Cash                         1200.00 USD   
  Income:US:Hoogle:Salary                        -4615.38 USD   
  Income:US:Hoogle:GroupTermLife                   -24.32 USD   
  Expenses:Health:Life:GroupTermLife                24.32 USD   
  Expenses:Health:Dental:Insurance                   2.90 USD   
  Expenses:Health:Medical:Insurance                 27.38 USD   
  Expenses:Health:Vision:Insurance                  42.30 USD   
  Expenses:Taxes:Y2020:US:Medicare                 106.62 USD   
  Expenses:Taxes:Y2020:US:Federal                 1062.92 USD   
  Expenses:Taxes:Y2020:US:State                    365.08 USD   
  Expenses:Taxes:Y2020:US:CityNYC                  174.92 USD   
  Expenses:Taxes:Y2020:US:SDI                        1.12 USD   
  Expenses:Taxes:Y2020:US:SocSec                   281.54 USD   
  Assets:US:Federal:PreTax401k                   -1200.00 IRAUSD
  Expenses:Taxes:Y2020:US:Federal:PreTax401k      1200.00 IRAUSD
  Assets:US:Hoogle:Vacation                             5 VACHR 
  Income:US:Hoogle:Vacation                            -5 VACHR 

2020-07-02 * "Hoogle" "Payroll"
  Assets:US:BofA:Checking                         1350.60 USD   
  Assets:US:Vanguard:Cash                         1200.00 USD   
  Income:US:Hoogle:Salary                        -4615.38 USD   
  Income:US:Hoogle:GroupTermLife                   -24.32 USD   
  Expenses:Health:Life:GroupTermLife                24.32 USD   
  Expenses:Health:Dental:Insurance                   2.90 USD   
  Expenses:Health:Medical:Insurance                 27.38 USD   
  Expenses:Health:Vision:Insurance                  42.30 USD   
  Expenses:Taxes:Y2020:US:Medicare                 106.62 USD   
  Expenses:Taxes:Y2020:US:Federal                 1062.92 USD   
  Expenses:Taxes:Y2020:US:State                    365.08 USD   
  Expenses:Taxes:Y2020:US:CityNYC                  174.92 USD   
  Expenses:Taxes:Y2020:US:SDI                        1.12 USD   
  Expenses:Taxes:Y2020:US:SocSec                   281.54 USD   
  Assets:US:Federal:PreTax401k                   -1200.00 IRAUSD
  Expenses:Taxes:Y2020:US:Federal:PreTax401k      1200.00 IRAUSD
  Assets:US:Hoogle:Vacation                             5 VACHR 
  Income:US:Hoogle:Vacation                            -5 VACHR 

2020-07-16 * "Hoogle" "Payroll"
  Assets:US:BofA:Checking                         1350.60 USD   
  Assets:US:Vanguard:Cash                         1200.00 USD   
  Income:US:Hoogle:Salary                        -4615.38 USD   
  Income:US:Hoogle:GroupTermLife                   -24.32 USD   
  Expenses:Health:Life:GroupTermLife                24.32 USD   
  Expenses:Health:Dental:Insurance                   2.90 USD   
  Expenses:Health:Medical:Insurance                 27.38 USD   
  Expenses:Health:Vision:Insurance                  42.30 USD   
  Expenses:Taxes:Y2020:US:Medicare                 106.62 USD   
  Expenses:Taxes:Y2020:US:Federal                 1062.92 USD   
  Expenses:Taxes:Y2020:US:State                    365.08 USD   
  Expenses:Taxes:Y2020:US:CityNYC                  174.92 USD   
  Expenses:Taxes:Y2020:US:SDI                        1.12 USD   
  Expenses:Taxes:Y2020:US:SocSec                   281.54 USD   
  Assets:US:Federal:PreTax401k                   -1200.00 IRAUSD
  Expenses:Taxes:Y2020:US:Federal:PreTax401k      1200.00 IRAUSD
  Assets:US:Hoogle:Vacation                             5 VACHR 
  Income:US:Hoogle:Vacation                            -5 VACHR 

2020-07-30 * "Hoogle" "Payroll"
  Assets:US:BofA:Checking                         2050.60 USD   
  Assets:US:Vanguard:Cash                          500.00 USD   
  Income:US:Hoogle:Salary                        -4615.38 USD   
  Income:US:Hoogle:GroupTermLife                   -24.32 USD   
  Expenses:Health:Life:GroupTermLife                24.32 USD   
  Expenses:Health:Dental:Insurance                   2.90 USD   
  Expenses:Health:Medical:Insurance                 27.38 USD   
  Expenses:Health:Vision:Insurance                  42.30 USD   
  Expenses:Taxes:Y2020:US:Medicare                 106.62 USD   
  Expenses:Taxes:Y2020:US:Federal                 1062.92 USD   
  Expenses:Taxes:Y2020:US:State                    365.08 USD   
  Expenses:Taxes:Y2020:US:CityNYC                  174.92 USD   
  Expenses:Taxes:Y2020:US:SDI                        1.12 USD   
  Expenses:Taxes:Y2020:US:SocSec                   281.54 USD   
  Assets:US:Federal:PreTax401k                    -500.00 IRAUSD
  Expenses:Taxes:Y2020:US:Federal:PreTax401k       500.00 IRAUSD
  Assets:US:Hoogle:Vacation                             5 VACHR 
  Income:US:Hoogle:Vacation                            -5 VACHR 

2020-08-13 * "Hoogle" "Payroll"
  Assets:US:BofA:Checking                         2550.60 USD   
  Income:US:Hoogle:Salary                        -4615.38 USD   
  Income:US:Hoogle:GroupTermLife                   -24.32 USD   
  Expenses:Health:Life:GroupTermLife                24.32 USD   
  Expenses:Health:Dental:Insurance                   2.90 USD   
  Expenses:Health:Medical:Insurance                 27.38 USD   
  Expenses:Health:Vision:Insurance                  42.30 USD   
  Expenses:Taxes:Y2020:US:Medicare                 106.62 USD   
  Expenses:Taxes:Y2020:US:Federal                 1062.92 USD   
  Expenses:Taxes:Y2020:US:State                    365.08 USD   
  Expenses:Taxes:Y2020:US:CityNYC                  174.92 USD   
  Expenses:Taxes:Y2020:US:SDI                        1.12 USD   
  Expenses:Taxes:Y2020:US:SocSec                   281.54 USD   
  Assets:US:Federal:PreTax401k                       0.00 IRAUSD
  Assets:US:Hoogle:Vacation                             5 VACHR 
  Income:US:Hoogle:Vacation                            -5 VACHR 

2020-08-27 * "Hoogle" "Payroll"
  Assets:US:BofA:Checking                         2550.60 USD   
  Income:US:Hoogle:Salary                        -4615.38 USD   
  Income:US:Hoogle:GroupTermLife                   -24.32 USD   
  Expenses:Health:Life:GroupTermLife                24.32 USD   
  Expenses:Health:Dental:Insurance                   2.90 USD   
  Expenses:Health:Medical:Insurance                 27.38 USD   
  Expenses:Health:Vision:Insurance                  42.30 USD   
  Expenses:Taxes:Y2020:US:Medicare                 106.62 USD   
  Expenses:Taxes:Y2020:US:Federal                 1062.92 USD   
  Expenses:Taxes:Y2020:US:State                    365.08 USD   
  Expenses:Taxes:Y2020:US:CityNYC                  174.92 USD   
  Expenses:Taxes:Y2020:US:SDI                        1.12 USD   
  Expenses:Taxes:Y2020:US:SocSec                   281.54 USD   
  Assets:US:Federal:PreTax401k                       0.00 IRAUSD
  Assets:US:Hoogle:Vacation                             5 VACHR 
  Income:US:Hoogle:Vacation                            -5 VACHR 

2020-09-10 * "Hoogle" "Payroll"
  Assets:US:BofA:Checking                         2550.60 USD   
  Income:US:Hoogle:Salary                        -4615.38 USD   
  Income:US:Hoogle:GroupTermLife                   -24.32 USD   
  Expenses:Health:Life:GroupTermLife                24.32 USD   
  Expenses:Health:Dental:Insurance                   2.90 USD   
  Expenses:Health:Medical:Insurance                 27.38 USD   
  Expenses:Health:Vision:Insurance                  42.30 USD   
  Expenses:Taxes:Y2020:US:Medicare                 106.62 USD   
  Expenses:Taxes:Y2020:US:Federal                 1062.92 USD   
  Expenses:Taxes:Y2020:US:State                    365.08 USD   
  Expenses:Taxes:Y2020:US:CityNYC                  174.92 USD   
  Expenses:Taxes:Y2020:US:SDI                        1.12 USD   
  Expenses:Taxes:Y2020:US:SocSec                   281.54 USD   
  Assets:US:Federal:PreTax401k                       0.00 IRAUSD
  Assets:US:Hoogle:Vacation                             5 VACHR 
  Income:US:Hoogle:Vacation                            -5 VACHR 

2020-09-24 * "Hoogle" "Payroll"
  Assets:US:BofA:Checking                         2550.60 USD   
  Income:US:Hoogle:Salary                        -4615.38 USD   
  Income:US:Hoogle:GroupTermLife                   -24.32 USD   
  Expenses:Health:Life:GroupTermLife                24.32 USD   
  Expenses:Health:Dental:Insurance                   2.90 USD   
  Expenses:Health:Medical:Insurance                 27.38 USD   
  Expenses:Health:Vision:Insurance                  42.30 USD   
  Expenses:Taxes:Y2020:US:Medicare                 106.62 USD   
  Expenses:Taxes:Y2020:US:Federal                 1062.92 USD   
  Expenses:Taxes:Y2020:US:State                    365.08 USD   
  Expenses:Taxes:Y2020:US:CityNYC                  174.92 USD   
  Expenses:Taxes:Y2020:US:SDI                        1.12 USD   
  Expenses:Taxes:Y2020:US:SocSec                   281.54 USD   
  Assets:US:Federal:PreTax401k                       0.00 IRAUSD
  Assets:US:Hoogle:Vacation                             5 VACHR 
  Income:US:Hoogle:Vacation                            -5 VACHR 

2020-10-08 * "Hoogle" "Payroll"
  Assets:US:BofA:Checking                         2550.60 USD   
  Income:US:Hoogle:Salary                        -4615.38 USD   
  Income:US:Hoogle:GroupTermLife                   -24.32 USD   
  Expenses:Health:Life:GroupTermLife                24.32 USD   
  Expenses:Health:Dental:Insurance                   2.90 USD   
  Expenses:Health:Medical:Insurance                 27.38 USD   
  Expenses:Health:Vision:Insurance                  42.30 USD   
  Expenses:Taxes:Y2020:US:Medicare                 106.62 USD   
  Expenses:Taxes:Y2020:US:Federal                 1062.92 USD   
  Expenses:Taxes:Y2020:US:State                    365.08 USD   
  Expenses:Taxes:Y2020:US:CityNYC                  174.92 USD   
  Expenses:Taxes:Y2020:US:SDI                        1.12 USD   
  Expenses:Taxes:Y2020:US:SocSec                   281.54 USD   
  Assets:US:Federal:PreTax401k                       0.00 IRAUSD
  Assets:US:Hoogle:Vacation                             5 VACHR 
  Income:US:Hoogle:Vacation                            -5 VACHR 

2020-10-22 * "Hoogle" "Payroll"
  Assets:US:BofA:Checking                         2550.60 USD   
  Income:US:Hoogle:Salary                        -4615.38 USD   
  Income:US:Hoogle:GroupTermLife                   -24.32 USD   
  Expenses:Health:Life:GroupTermLife                24.32 USD   
  Expenses:Health:Dental:Insurance                   2.90 USD   
  Expenses:Health:Medical:Insurance                 27.38 USD   
  Expenses:Health:Vision:Insurance                  42.30 USD   
  Expenses:Taxes:Y2020:US:Medicare                 106.62 USD   
  Expenses:Taxes:Y2020:US:Federal                 1062.92 USD   
  Expenses:Taxes:Y2020:US:State                    365.08 USD   
  Expenses:Taxes:Y2020:US:CityNYC                  174.92 USD   
  Expenses:Taxes:Y2020:US:SDI                        1.12 USD   
  Expenses:Taxes:Y2020:US:SocSec                   281.54 USD   
  Assets:US:Federal:PreTax401k                       0.00 IRAUSD
  Assets:US:Hoogle:Vacation                             5 VACHR 
  Income:US:Hoogle:Vacation                            -5 VACHR 

2020-11-05 * "Hoogle" "Payroll"
  Assets:US:BofA:Checking                         2550.60 USD   
  Income:US:Hoogle:Salary                        -4615.38 USD   
  Income:US:Hoogle:GroupTermLife                   -24.32 USD   
  Expenses:Health:Life:GroupTermLife                24.32 USD   
  Expenses:Health:Dental:Insurance                   2.90 USD   
  Expenses:Health:Medical:Insurance                 27.38 USD   
  Expenses:Health:Vision:Insurance                  42.30 USD   
  Expenses:Taxes:Y2020:US:Medicare                 106.62 USD   
  Expenses:Taxes:Y2020:US:Federal                 1062.92 USD   
  Expenses:Taxes:Y2020:US:State                    365.08 USD   
  Expenses:Taxes:Y2020:US:CityNYC                  174.92 USD   
  Expenses:Taxes:Y2020:US:SDI                        1.12 USD   
  Expenses:Taxes:Y2020:US:SocSec                   281.54 USD   
  Assets:US:Federal:PreTax401k                       0.00 IRAUSD
  Assets:US:Hoogle:Vacation                             5 VACHR 
  Income:US:Hoogle:Vacation                            -5 VACHR 

2020-11-19 * "Hoogle" "Payroll"
  Assets:US:BofA:Checking                         2550.60 USD   
  Income:US:Hoogle:Salary                        -4615.38 USD   
  Income:US:Hoogle:GroupTermLife                   -24.32 USD   
  Expenses:Health:Life:GroupTermLife                24.32 USD   
  Expenses:Health:Dental:Insurance                   2.90 USD   
  Expenses:Health:Medical:Insurance                 27.38 USD   
  Expenses:Health:Vision:Insurance                  42.30 USD   
  Expenses:Taxes:Y2020:US:Medicare                 106.62 USD   
  Expenses:Taxes:Y2020:US:Federal                 1062.92 USD   
  Expenses:Taxes:Y2020:US:State                    365.08 USD   
  Expenses:Taxes:Y2020:US:CityNYC                  174.92 USD   
  Expenses:Taxes:Y2020:US:SDI                        1.12 USD   
  Expenses:Taxes:Y2020:US:SocSec                   281.54 USD   
  Assets:US:Federal:PreTax401k                       0.00 IRAUSD
  Assets:US:Hoogle:Vacation                             5 VACHR 
  Income:US:Hoogle:Vacation                            -5 VACHR 

2020-12-03 * "Hoogle" "Payroll"
  Assets:US:BofA:Checking                         2589.06 USD   
  Income:US:Hoogle:Salary                        -4615.38 USD   
  Income:US:Hoogle:GroupTermLife                   -24.32 USD   
  Expenses:Health:Life:GroupTermLife                24.32 USD   
  Expenses:Health:Dental:Insurance                   2.90 USD   
  Expenses:Health:Medical:Insurance                 27.38 USD   
  Expenses:Health:Vision:Insurance                  42.30 USD   
  Expenses:Taxes:Y2020:US:Medicare                 106.62 USD   
  Expenses:Taxes:Y2020:US:Federal                 1062.92 USD   
  Expenses:Taxes:Y2020:US:State                    365.08 USD   
  Expenses:Taxes:Y2020:US:CityNYC                  174.92 USD   
  Expenses:Taxes:Y2020:US:SDI                        1.12 USD   
  Expenses:Taxes:Y2020:US:SocSec                   243.08 USD   
  Assets:US:Federal:PreTax401k                       0.00 IRAUSD
  Assets:US:Hoogle:Vacation                             5 VACHR 
  Income:US:Hoogle:Vacation                            -5 VACHR 

2020-12-17 * "Hoogle" "Payroll"
  Assets:US:BofA:Checking                         2832.14 USD   
  Income:US:Hoogle:Salary                        -4615.38 USD   
  Income:US:Hoogle:GroupTermLife                   -24.32 USD   
  Expenses:Health:Life:GroupTermLife                24.32 USD   
  Expenses:Health:Dental:Insurance                   2.90 USD   
  Expenses:Health:Medical:Insurance                 27.38 USD   
  Expenses:Health:Vision:Insurance                  42.30 USD   
  Expenses:Taxes:Y2020:US:Medicare                 106.62 USD   
  Expenses:Taxes:Y2020:US:Federal                 1062.92 USD   
  Expenses:Taxes:Y2020:US:State                    365.08 USD   
  Expenses:Taxes:Y2020:US:CityNYC                  174.92 USD   
  Expenses:Taxes:Y2020:US:SDI                        1.12 USD   
  Expenses:Taxes:Y2020:US:SocSec                     0.00 USD   
  Assets:US:Federal:PreTax401k                       0.00 IRAUSD
  Assets:US:Hoogle:Vacation                             5 VACHR 
  Income:US:Hoogle:Vacation                            -5 VACHR 

2020-12-31 * "Hoogle" "Payroll"
  Assets:US:BofA:Checking                         2832.14 USD   
  Income:US:Hoogle:Salary                        -4615.38 USD   
  Income:US:Hoogle:GroupTermLife                   -24.32 USD   
  Expenses:Health:Life:GroupTermLife                24.32 USD   
  Expenses:Health:Dental:Insurance                   2.90 USD   
  Expenses:Health:Medical:Insurance                 27.38 USD   
  Expenses:Health:Vision:Insurance                  42.30 USD   
  Expenses:Taxes:Y2020:US:Medicare                 106.62 USD   
  Expenses:Taxes:Y2020:US:Federal                 1062.92 USD   
  Expenses:Taxes:Y2020:US:State                    365.08 USD   
  Expenses:Taxes:Y2020:US:CityNYC                  174.92 USD   
  Expenses:Taxes:Y2020:US:SDI                        1.12 USD   
  Expenses:Taxes:Y2020:US:SocSec                     0.00 USD   
  Assets:US:Federal:PreTax401k                       0.00 IRAUSD
  Assets:US:Hoogle:Vacation                             5 VACHR 
  Income:US:Hoogle:Vacation                            -5 VACHR 



* Taxes

1980-05-12 open Income:US:Federal:PreTax401k                    IRAUSD
1980-05-12 open Assets:US:Federal:PreTax401k                    IRAUSD



** Tax Year 2018

2018-01-01 open Expenses:Taxes:Y2018:US:Federal:PreTax401k      IRAUSD
2018-01-01 open Expenses:Taxes:Y2018:US:Medicare                USD
2018-01-01 open Expenses:Taxes:Y2018:US:Federal                 USD
2018-01-01 open Expenses:Taxes:Y2018:US:CityNYC                 USD
2018-01-01 open Expenses:Taxes:Y2018:US:SDI                     USD
2018-01-01 open Expenses:Taxes:Y2018:US:State                   USD
2018-01-01 open Expenses:Taxes:Y2018:US:SocSec                  USD

2018-01-01 balance Assets:US:Federal:PreTax401k         0 IRAUSD

2018-01-01 * "Allowed contributions for one year"
  Income:US:Federal:PreTax401k                     -18500 IRAUSD
  Assets:US:Federal:PreTax401k                      18500 IRAUSD

2019-03-20 * "Filing taxes for 2018"
  Expenses:Taxes:Y2018:US:Federal                  663.39 USD
  Expenses:Taxes:Y2018:US:State                    245.60 USD
  Liabilities:AccountsPayable                     -908.99 USD

2019-03-22 * "FEDERAL TAXPYMT"
  Assets:US:BofA:Checking                         -663.39 USD
  Liabilities:AccountsPayable                      663.39 USD

2019-03-24 * "STATE TAX & FINANC PYMT"
  Assets:US:BofA:Checking                         -245.60 USD
  Liabilities:AccountsPayable                      245.60 USD



** Tax Year 2019

2019-01-01 open Expenses:Taxes:Y2019:US:Federal:PreTax401k      IRAUSD
2019-01-01 open Expenses:Taxes:Y2019:US:Medicare                USD
2019-01-01 open Expenses:Taxes:Y2019:US:Federal                 USD
2019-01-01 open Expenses:Taxes:Y2019:US:CityNYC                 USD
2019-01-01 open Expenses:Taxes:Y2019:US:SDI                     USD
2019-01-01 open Expenses:Taxes:Y2019:US:State                   USD
2019-01-01 open Expenses:Taxes:Y2019:US:SocSec                  USD

2019-01-01 balance Assets:US:Federal:PreTax401k         0 IRAUSD

2019-01-01 * "Allowed contributions for one year"
  Income:US:Federal:PreTax401k                     -18500 IRAUSD
  Assets:US:Federal:PreTax401k                      18500 IRAUSD

2020-03-22 * "Filing taxes for 2019"
  Expenses:Taxes:Y2019:US:Federal                  563.09 USD
  Expenses:Taxes:Y2019:US:State                    373.64 USD
  Liabilities:AccountsPayable                     -936.73 USD

2020-03-22 * "FEDERAL TAXPYMT"
  Assets:US:BofA:Checking                         -563.09 USD
  Liabilities:AccountsPayable                      563.09 USD

2020-03-26 * "STATE TAX & FINANC PYMT"
  Assets:US:BofA:Checking                         -373.64 USD
  Liabilities:AccountsPayable                      373.64 USD



** Tax Year 2020

2020-01-01 open Expenses:Taxes:Y2020:US:Federal:PreTax401k      IRAUSD
2020-01-01 open Expenses:Taxes:Y2020:US:Medicare                USD
2020-01-01 open Expenses:Taxes:Y2020:US:Federal                 USD
2020-01-01 open Expenses:Taxes:Y2020:US:CityNYC                 USD
2020-01-01 open Expenses:Taxes:Y2020:US:SDI                     USD
2020-01-01 open Expenses:Taxes:Y2020:US:State                   USD
2020-01-01 open Expenses:Taxes:Y2020:US:SocSec                  USD

2020-01-01 balance Assets:US:Federal:PreTax401k         0 IRAUSD

2020-01-01 * "Allowed contributions for one year"
  Income:US:Federal:PreTax401k                     -18500 IRAUSD
  Assets:US:Federal:PreTax401k                      18500 IRAUSD



* Expenses

1980-05-12 open Expenses:Food:Groceries
1980-05-12 open Expenses:Food:Restaurant
1980-05-12 open Expenses:Food:Coffee
1980-05-12 open Expenses:Food:Alcohol
1980-05-12 open Expenses:Transport:Tram
1980-05-12 open Expenses:Home:Rent
1980-05-12 open Expenses:Home:Electricity
1980-05-12 open Expenses:Home:Internet
1980-05-12 open Expenses:Home:Phone
1980-05-12 open Expenses:Financial:Fees
1980-05-12 open Expenses:Financial:Commissions



* Prices

2018-01-05 price VBMPX                              78.57 USD
2018-01-05 price RGAGX                             115.83 USD
2018-01-05 price ITOT                               68.16 USD
2018-01-05 price VEA                                64.95 USD
2018-01-05 price VHT                               170.85 USD
2018-01-05 price GLD                               104.01 USD
2018-01-12 price VBMPX                              80.85 USD
2018-01-12 price RGAGX                             116.90 USD
2018-01-12 price ITOT                               68.61 USD
2018-01-12 price VEA                                63.51 USD
2018-01-12 price VHT                               172.36 USD
2018-01-12 price GLD                               103.72 USD
2018-01-19 price VBMPX                              82.19 USD
2018-01-19 price RGAGX                             119.72 USD
2018-01-19 price ITOT                               65.00 USD
2018-01-19 price VEA                                64.39 USD
2018-01-19 price VHT                               174.00 USD
2018-01-19 price GLD                               102.26 USD
2018-01-26 price VBMPX                              83.69 USD
2018-01-26 price RGAGX                             117.22 USD
2018-01-26 price ITOT                               63.25 USD
2018-01-26 price VEA                                63.75 USD
2018-01-26 price VHT                               173.96 USD
2018-01-26 price GLD                               102.36 USD
2018-02-02 price VBMPX                              85.22 USD
2018-02-02 price RGAGX                             117.16 USD
2018-02-02 price ITOT                               63.20 USD
2018-02-02 price VEA                                64.05 USD
2018-02-02 price VHT                               174.40 USD
2018-02-02 price GLD                               100.30 USD
2018-02-09 price VBMPX                              83.94 USD
2018-02-09 price RGAGX                             116.33 USD
2018-02-09 price ITOT                               62.94 USD
2018-02-09 price VEA                                63.62 USD
2018-02-09 price VHT                               173.58 USD
2018-02-09 price GLD                               101.00 USD
2018-02-16 price VBMPX                              82.55 USD
2018-02-16 price RGAGX                             115.19 USD
2018-02-16 price ITOT                               61.83 USD
2018-02-16 price VEA                                62.90 USD
2018-02-16 price VHT                               174.22 USD
2018-02-16 price GLD                               101.35 USD
2018-02-23 price VBMPX                              83.84 USD
2018-02-23 price RGAGX                             115.13 USD
2018-02-23 price ITOT                               61.60 USD
2018-02-23 price VEA                                62.45 USD
2018-02-23 price VHT                               174.27 USD
2018-02-23 price GLD                                98.26 USD
2018-03-02 price VBMPX                              84.75 USD
2018-03-02 price RGAGX                             116.23 USD
2018-03-02 price ITOT                               62.09 USD
2018-03-02 price VEA                                63.00 USD
2018-03-02 price VHT                               176.91 USD
2018-03-02 price GLD                                96.73 USD
2018-03-09 price VBMPX                              85.73 USD
2018-03-09 price RGAGX                             116.22 USD
2018-03-09 price ITOT                               63.35 USD
2018-03-09 price VEA                                62.51 USD
2018-03-09 price VHT                               178.02 USD
2018-03-09 price GLD                                98.08 USD
2018-03-16 price VBMPX                              87.86 USD
2018-03-16 price RGAGX                             118.81 USD
2018-03-16 price ITOT                               63.14 USD
2018-03-16 price VEA                                62.49 USD
2018-03-16 price VHT                               180.63 USD
2018-03-16 price GLD                               100.56 USD
2018-03-23 price VBMPX                              88.56 USD
2018-03-23 price RGAGX                             119.51 USD
2018-03-23 price ITOT                               62.25 USD
2018-03-23 price VEA                                63.49 USD
2018-03-23 price VHT                               182.06 USD
2018-03-23 price GLD                               100.40 USD
2018-03-30 price VBMPX                              87.96 USD
2018-03-30 price RGAGX                             120.94 USD
2018-03-30 price ITOT                               64.51 USD
2018-03-30 price VEA                                63.35 USD
2018-03-30 price VHT                               181.35 USD
2018-03-30 price GLD                                97.69 USD
2018-04-06 price VBMPX                              86.64 USD
2018-04-06 price RGAGX                             120.43 USD
2018-04-06 price ITOT                               63.29 USD
2018-04-06 price VEA                                62.51 USD
2018-04-06 price VHT                               183.11 USD
2018-04-06 price GLD                                97.56 USD
2018-04-13 price VBMPX                              86.30 USD
2018-04-13 price RGAGX                             118.67 USD
2018-04-13 price ITOT                               64.70 USD
2018-04-13 price VEA                                61.83 USD
2018-04-13 price VHT                               183.89 USD
2018-04-13 price GLD                                97.19 USD
2018-04-20 price VBMPX                              89.08 USD
2018-04-20 price RGAGX                             119.23 USD
2018-04-20 price ITOT                               64.18 USD
2018-04-20 price VEA                                61.84 USD
2018-04-20 price VHT                               187.09 USD
2018-04-20 price GLD                                99.41 USD
2018-04-27 price VBMPX                              91.10 USD
2018-04-27 price RGAGX                             120.74 USD
2018-04-27 price ITOT                               65.18 USD
2018-04-27 price VEA                                61.26 USD
2018-04-27 price VHT                               190.22 USD
2018-04-27 price GLD                                98.94 USD
2018-05-04 price VBMPX                              92.02 USD
2018-05-04 price RGAGX                             119.03 USD
2018-05-04 price ITOT                               66.00 USD
2018-05-04 price VEA                                61.67 USD
2018-05-04 price VHT                               189.87 USD
2018-05-04 price GLD                                97.76 USD
2018-05-11 price VBMPX                              94.82 USD
2018-05-11 price RGAGX                             120.73 USD
2018-05-11 price ITOT                               65.23 USD
2018-05-11 price VEA                                61.27 USD
2018-05-11 price VHT                               187.92 USD
2018-05-11 price GLD                                97.68 USD
2018-05-18 price VBMPX                              93.95 USD
2018-05-18 price RGAGX                             120.68 USD
2018-05-18 price ITOT                               66.56 USD
2018-05-18 price VEA                                60.70 USD
2018-05-18 price VHT                               188.07 USD
2018-05-18 price GLD                                96.81 USD
2018-05-25 price VBMPX                              97.03 USD
2018-05-25 price RGAGX                             120.94 USD
2018-05-25 price ITOT                               67.09 USD
2018-05-25 price VEA                                61.03 USD
2018-05-25 price VHT                               190.06 USD
2018-05-25 price GLD                                95.10 USD
2018-06-01 price VBMPX                             101.71 USD
2018-06-01 price RGAGX                             121.17 USD
2018-06-01 price ITOT                               67.68 USD
2018-06-01 price VEA                                60.59 USD
2018-06-01 price VHT                               193.37 USD
2018-06-01 price GLD                                93.96 USD
2018-06-08 price VBMPX                             101.19 USD
2018-06-08 price RGAGX                             121.08 USD
2018-06-08 price ITOT                               65.68 USD
2018-06-08 price VEA                                61.66 USD
2018-06-08 price VHT                               194.77 USD
2018-06-08 price GLD                                92.20 USD
2018-06-15 price VBMPX                             100.42 USD
2018-06-15 price RGAGX                             122.01 USD
2018-06-15 price ITOT                               65.24 USD
2018-06-15 price VEA                                61.83 USD
2018-06-15 price VHT                               196.92 USD
2018-06-15 price GLD                                91.41 USD
2018-06-22 price VBMPX                             102.01 USD
2018-06-22 price RGAGX                             119.11 USD
2018-06-22 price ITOT                               66.59 USD
2018-06-22 price VEA                                61.32 USD
2018-06-22 price VHT                               195.45 USD
2018-06-22 price GLD                                93.19 USD
2018-06-29 price VBMPX                              99.26 USD
2018-06-29 price RGAGX                             120.39 USD
2018-06-29 price ITOT                               66.52 USD
2018-06-29 price VEA                                61.76 USD
2018-06-29 price VHT                               195.62 USD
2018-06-29 price GLD                                93.60 USD
2018-07-06 price VBMPX                             101.55 USD
2018-07-06 price RGAGX                             118.08 USD
2018-07-06 price ITOT                               66.71 USD
2018-07-06 price VEA                                61.26 USD
2018-07-06 price VHT                               192.51 USD
2018-07-06 price GLD                                93.23 USD
2018-07-13 price VBMPX                             104.62 USD
2018-07-13 price RGAGX                             117.90 USD
2018-07-13 price ITOT                               65.47 USD
2018-07-13 price VEA                                61.52 USD
2018-07-13 price VHT                               193.78 USD
2018-07-13 price GLD                                93.08 USD
2018-07-20 price VBMPX                             105.26 USD
2018-07-20 price RGAGX                             115.75 USD
2018-07-20 price ITOT                               66.31 USD
2018-07-20 price VEA                                60.23 USD
2018-07-20 price VHT                               196.31 USD
2018-07-20 price GLD                                92.79 USD
2018-07-27 price VBMPX                             104.70 USD
2018-07-27 price RGAGX                             114.97 USD
2018-07-27 price ITOT                               68.25 USD
2018-07-27 price VEA                                61.42 USD
2018-07-27 price VHT                               200.00 USD
2018-07-27 price GLD                                93.78 USD
2018-08-03 price VBMPX                             104.78 USD
2018-08-03 price RGAGX                             111.84 USD
2018-08-03 price ITOT                               70.00 USD
2018-08-03 price VEA                                60.16 USD
2018-08-03 price VHT                               201.12 USD
2018-08-03 price GLD                                93.50 USD
2018-08-10 price VBMPX                             102.71 USD
2018-08-10 price RGAGX                             111.42 USD
2018-08-10 price ITOT                               70.08 USD
2018-08-10 price VEA                                58.41 USD
2018-08-10 price VHT                               202.82 USD
2018-08-10 price GLD                                93.37 USD
2018-08-17 price VBMPX                             100.44 USD
2018-08-17 price RGAGX                             113.66 USD
2018-08-17 price ITOT                               69.97 USD
2018-08-17 price VEA                                58.25 USD
2018-08-17 price VHT                               202.35 USD
2018-08-17 price GLD                                93.92 USD
2018-08-24 price VBMPX                             100.01 USD
2018-08-24 price RGAGX                             113.56 USD
2018-08-24 price ITOT                               71.14 USD
2018-08-24 price VEA                                57.89 USD
2018-08-24 price VHT                               200.11 USD
2018-08-24 price GLD                                93.16 USD
2018-08-31 price VBMPX                             102.34 USD
2018-08-31 price RGAGX                             114.20 USD
2018-08-31 price ITOT                               71.59 USD
2018-08-31 price VEA                                58.68 USD
2018-08-31 price VHT                               200.78 USD
2018-08-31 price GLD                                93.06 USD
2018-09-07 price VBMPX                             104.40 USD
2018-09-07 price RGAGX                             111.38 USD
2018-09-07 price ITOT                               72.69 USD
2018-09-07 price VEA                                58.05 USD
2018-09-07 price VHT                               198.55 USD
2018-09-07 price GLD                                94.63 USD
2018-09-14 price VBMPX                             105.54 USD
2018-09-14 price RGAGX                             113.03 USD
2018-09-14 price ITOT                               71.49 USD
2018-09-14 price VEA                                57.81 USD
2018-09-14 price VHT                               199.05 USD
2018-09-14 price GLD                                96.33 USD
2018-09-21 price VBMPX                             106.56 USD
2018-09-21 price RGAGX                             110.77 USD
2018-09-21 price ITOT                               71.82 USD
2018-09-21 price VEA                                59.71 USD
2018-09-21 price VHT                               198.89 USD
2018-09-21 price GLD                                95.66 USD
2018-09-28 price VBMPX                             106.23 USD
2018-09-28 price RGAGX                             112.88 USD
2018-09-28 price ITOT                               70.38 USD
2018-09-28 price VEA                                60.12 USD
2018-09-28 price VHT                               200.71 USD
2018-09-28 price GLD                                95.85 USD
2018-10-05 price VBMPX                             106.15 USD
2018-10-05 price RGAGX                             111.31 USD
2018-10-05 price ITOT                               69.61 USD
2018-10-05 price VEA                                59.47 USD
2018-10-05 price VHT                               198.56 USD
2018-10-05 price GLD                                95.47 USD
2018-10-12 price VBMPX                             107.84 USD
2018-10-12 price RGAGX                             110.32 USD
2018-10-12 price ITOT                               70.10 USD
2018-10-12 price VEA                                60.08 USD
2018-10-12 price VHT                               198.51 USD
2018-10-12 price GLD                                95.07 USD
2018-10-19 price VBMPX                             109.57 USD
2018-10-19 price RGAGX                             110.02 USD
2018-10-19 price ITOT                               68.30 USD
2018-10-19 price VEA                                59.46 USD
2018-10-19 price VHT                               197.16 USD
2018-10-19 price GLD                                93.97 USD
2018-10-26 price VBMPX                             107.83 USD
2018-10-26 price RGAGX                             111.58 USD
2018-10-26 price ITOT                               69.07 USD
2018-10-26 price VEA                                61.10 USD
2018-10-26 price VHT                               199.18 USD
2018-10-26 price GLD                                95.78 USD
2018-11-02 price VBMPX                             108.14 USD
2018-11-02 price RGAGX                             109.57 USD
2018-11-02 price ITOT                               67.75 USD
2018-11-02 price VEA                                61.04 USD
2018-11-02 price VHT                               201.30 USD
2018-11-02 price GLD                                94.42 USD
2018-11-09 price VBMPX                             108.96 USD
2018-11-09 price RGAGX                             109.09 USD
2018-11-09 price ITOT                               67.52 USD
2018-11-09 price VEA                                61.42 USD
2018-11-09 price VHT                               203.72 USD
2018-11-09 price GLD                                94.59 USD
2018-11-16 price VBMPX                             108.97 USD
2018-11-16 price RGAGX                             109.78 USD
2018-11-16 price ITOT                               65.63 USD
2018-11-16 price VEA                                61.42 USD
2018-11-16 price VHT                               203.84 USD
2018-11-16 price GLD                                96.18 USD
2018-11-23 price VBMPX                             106.96 USD
2018-11-23 price RGAGX                             107.23 USD
2018-11-23 price ITOT                               67.67 USD
2018-11-23 price VEA                                63.06 USD
2018-11-23 price VHT                               206.31 USD
2018-11-23 price GLD                                95.27 USD
2018-11-30 price VBMPX                             103.87 USD
2018-11-30 price RGAGX                             106.31 USD
2018-11-30 price ITOT                               68.06 USD
2018-11-30 price VEA                                61.85 USD
2018-11-30 price VHT                               206.77 USD
2018-11-30 price GLD                                97.64 USD
2018-12-07 price VBMPX                             104.90 USD
2018-12-07 price RGAGX                             104.98 USD
2018-12-07 price ITOT                               66.70 USD
2018-12-07 price VEA                                62.36 USD
2018-12-07 price VHT                               204.46 USD
2018-12-07 price GLD                                97.56 USD
2018-12-14 price VBMPX                             105.50 USD
2018-12-14 price RGAGX                             105.36 USD
2018-12-14 price ITOT                               66.66 USD
2018-12-14 price VEA                                61.53 USD
2018-12-14 price VHT                               203.58 USD
2018-12-14 price GLD                                98.37 USD
2018-12-21 price VBMPX                             108.68 USD
2018-12-21 price RGAGX                             104.29 USD
2018-12-21 price ITOT                               67.03 USD
2018-12-21 price VEA                                61.22 USD
2018-12-21 price VHT                               203.61 USD
2018-12-21 price GLD                                97.08 USD
2018-12-28 price VBMPX                             109.85 USD
2018-12-28 price RGAGX                             104.22 USD
2018-12-28 price ITOT                               67.05 USD
2018-12-28 price VEA                                61.11 USD
2018-12-28 price VHT                               204.92 USD
2018-12-28 price GLD                                97.07 USD
2019-01-04 price VBMPX                             107.27 USD
2019-01-04 price RGAGX                             104.24 USD
2019-01-04 price ITOT                               69.27 USD
2019-01-04 price VEA                                60.62 USD
2019-01-04 price VHT                               205.99 USD
2019-01-04 price GLD                                94.92 USD
2019-01-11 price VBMPX                             108.79 USD
2019-01-11 price RGAGX                             105.33 USD
2019-01-11 price ITOT                               68.03 USD
2019-01-11 price VEA                                62.38 USD
2019-01-11 price VHT                               208.20 USD
2019-01-11 price GLD                                94.81 USD
2019-01-18 price VBMPX                             108.74 USD
2019-01-18 price RGAGX                             106.04 USD
2019-01-18 price ITOT                               67.87 USD
2019-01-18 price VEA                                62.30 USD
2019-01-18 price VHT                               211.10 USD
2019-01-18 price GLD                                95.30 USD
2019-01-25 price VBMPX                             108.62 USD
2019-01-25 price RGAGX                             105.13 USD
2019-01-25 price ITOT                               69.16 USD
2019-01-25 price VEA                                61.77 USD
2019-01-25 price VHT                               211.51 USD
2019-01-25 price GLD                                96.64 USD
2019-02-01 price VBMPX                             109.07 USD
2019-02-01 price RGAGX                             101.26 USD
2019-02-01 price ITOT                               69.65 USD
2019-02-01 price VEA                                61.55 USD
2019-02-01 price VHT                               211.67 USD
2019-02-01 price GLD                                97.76 USD
2019-02-08 price VBMPX                             107.99 USD
2019-02-08 price RGAGX                             100.80 USD
2019-02-08 price ITOT                               69.22 USD
2019-02-08 price VEA                                61.79 USD
2019-02-08 price VHT                               211.04 USD
2019-02-08 price GLD                                97.60 USD
2019-02-15 price VBMPX                             109.07 USD
2019-02-15 price RGAGX                             102.27 USD
2019-02-15 price ITOT                               69.21 USD
2019-02-15 price VEA                                61.93 USD
2019-02-15 price VHT                               213.53 USD
2019-02-15 price GLD                                98.56 USD
2019-02-22 price VBMPX                             112.21 USD
2019-02-22 price RGAGX                             102.48 USD
2019-02-22 price ITOT                               69.98 USD
2019-02-22 price VEA                                61.58 USD
2019-02-22 price VHT                               215.90 USD
2019-02-22 price GLD                                96.67 USD
2019-03-01 price VBMPX                             113.73 USD
2019-03-01 price RGAGX                             102.04 USD
2019-03-01 price ITOT                               67.66 USD
2019-03-01 price VEA                                62.70 USD
2019-03-01 price VHT                               214.51 USD
2019-03-01 price GLD                                97.26 USD
2019-03-08 price VBMPX                             114.04 USD
2019-03-08 price RGAGX                             101.87 USD
2019-03-08 price ITOT                               65.70 USD
2019-03-08 price VEA                                62.34 USD
2019-03-08 price VHT                               211.54 USD
2019-03-08 price GLD                                98.18 USD
2019-03-15 price VBMPX                             116.12 USD
2019-03-15 price RGAGX                             102.07 USD
2019-03-15 price ITOT                               66.55 USD
2019-03-15 price VEA                                61.96 USD
2019-03-15 price VHT                               210.67 USD
2019-03-15 price GLD                                96.33 USD
2019-03-22 price VBMPX                             113.36 USD
2019-03-22 price RGAGX                             101.63 USD
2019-03-22 price ITOT                               66.84 USD
2019-03-22 price VEA                                60.76 USD
2019-03-22 price VHT                               212.42 USD
2019-03-22 price GLD                                95.04 USD
2019-03-29 price VBMPX                             113.37 USD
2019-03-29 price RGAGX                             100.95 USD
2019-03-29 price ITOT                               66.44 USD
2019-03-29 price VEA                                59.34 USD
2019-03-29 price VHT                               210.74 USD
2019-03-29 price GLD                                95.43 USD
2019-04-05 price VBMPX                             113.81 USD
2019-04-05 price RGAGX                              98.71 USD
2019-04-05 price ITOT                               67.90 USD
2019-04-05 price VEA                                59.23 USD
2019-04-05 price VHT                               213.42 USD
2019-04-05 price GLD                                96.37 USD
2019-04-12 price VBMPX                             114.08 USD
2019-04-12 price RGAGX                              99.16 USD
2019-04-12 price ITOT                               69.33 USD
2019-04-12 price VEA                                58.25 USD
2019-04-12 price VHT                               213.92 USD
2019-04-12 price GLD                                98.68 USD
2019-04-19 price VBMPX                             111.29 USD
2019-04-19 price RGAGX                             101.42 USD
2019-04-19 price ITOT                               70.19 USD
2019-04-19 price VEA                                58.32 USD
2019-04-19 price VHT                               213.11 USD
2019-04-19 price GLD                                98.18 USD
2019-04-26 price VBMPX                             109.09 USD
2019-04-26 price RGAGX                             105.52 USD
2019-04-26 price ITOT                               69.99 USD
2019-04-26 price VEA                                57.59 USD
2019-04-26 price VHT                               212.58 USD
2019-04-26 price GLD                                97.97 USD
2019-05-03 price VBMPX                             107.93 USD
2019-05-03 price RGAGX                             106.12 USD
2019-05-03 price ITOT                               70.35 USD
2019-05-03 price VEA                                58.03 USD
2019-05-03 price VHT                               212.60 USD
2019-05-03 price GLD                                96.39 USD
2019-05-10 price VBMPX                             107.13 USD
2019-05-10 price RGAGX                             106.92 USD
2019-05-10 price ITOT                               71.26 USD
2019-05-10 price VEA                                58.06 USD
2019-05-10 price VHT                               214.33 USD
2019-05-10 price GLD                                94.78 USD
2019-05-17 price VBMPX                             106.88 USD
2019-05-17 price RGAGX                             104.64 USD
2019-05-17 price ITOT                               71.76 USD
2019-05-17 price VEA                                57.96 USD
2019-05-17 price VHT                               213.89 USD
2019-05-17 price GLD                                94.54 USD
2019-05-24 price VBMPX                             106.50 USD
2019-05-24 price RGAGX                             104.91 USD
2019-05-24 price ITOT                               73.41 USD
2019-05-24 price VEA                                56.62 USD
2019-05-24 price VHT                               215.46 USD
2019-05-24 price GLD                                92.94 USD
2019-05-31 price VBMPX                             109.24 USD
2019-05-31 price RGAGX                             103.66 USD
2019-05-31 price ITOT                               72.08 USD
2019-05-31 price VEA                                56.00 USD
2019-05-31 price VHT                               213.02 USD
2019-05-31 price GLD                                92.30 USD
2019-06-07 price VBMPX                             106.99 USD
2019-06-07 price RGAGX                             105.66 USD
2019-06-07 price ITOT                               70.90 USD
2019-06-07 price VEA                                55.40 USD
2019-06-07 price VHT                               211.39 USD
2019-06-07 price GLD                                91.50 USD
2019-06-14 price VBMPX                             108.41 USD
2019-06-14 price RGAGX                             103.67 USD
2019-06-14 price ITOT                               69.22 USD
2019-06-14 price VEA                                55.74 USD
2019-06-14 price VHT                               210.26 USD
2019-06-14 price GLD                                91.39 USD
2019-06-21 price VBMPX                             111.57 USD
2019-06-21 price RGAGX                             105.21 USD
2019-06-21 price ITOT                               70.37 USD
2019-06-21 price VEA                                56.59 USD
2019-06-21 price VHT                               209.18 USD
2019-06-21 price GLD                                88.80 USD
2019-06-28 price VBMPX                             110.00 USD
2019-06-28 price RGAGX                             104.98 USD
2019-06-28 price ITOT                               69.52 USD
2019-06-28 price VEA                                56.68 USD
2019-06-28 price VHT                               209.98 USD
2019-06-28 price GLD                                87.72 USD
2019-07-05 price VBMPX                             112.27 USD
2019-07-05 price RGAGX                             105.71 USD
2019-07-05 price ITOT                               69.23 USD
2019-07-05 price VEA                                55.43 USD
2019-07-05 price VHT                               208.92 USD
2019-07-05 price GLD                                89.97 USD
2019-07-12 price VBMPX                             111.02 USD
2019-07-12 price RGAGX                             105.91 USD
2019-07-12 price ITOT                               67.48 USD
2019-07-12 price VEA                                55.40 USD
2019-07-12 price VHT                               211.85 USD
2019-07-12 price GLD                                89.68 USD
2019-07-19 price VBMPX                             112.47 USD
2019-07-19 price RGAGX                             108.66 USD
2019-07-19 price ITOT                               69.12 USD
2019-07-19 price VEA                                55.40 USD
2019-07-19 price VHT                               214.70 USD
2019-07-19 price GLD                                90.23 USD
2019-07-26 price VBMPX                             112.04 USD
2019-07-26 price RGAGX                             108.98 USD
2019-07-26 price ITOT                               68.59 USD
2019-07-26 price VEA                                55.39 USD
2019-07-26 price VHT                               215.90 USD
2019-07-26 price GLD                                91.37 USD
2019-08-02 price VBMPX                             112.77 USD
2019-08-02 price RGAGX                             107.98 USD
2019-08-02 price ITOT                               68.51 USD
2019-08-02 price VEA                                55.76 USD
2019-08-02 price VHT                               213.88 USD
2019-08-02 price GLD                                88.71 USD
2019-08-09 price VBMPX                             112.39 USD
2019-08-09 price RGAGX                             107.24 USD
2019-08-09 price ITOT                               69.45 USD
2019-08-09 price VEA                                55.22 USD
2019-08-09 price VHT                               212.26 USD
2019-08-09 price GLD                                86.86 USD
2019-08-16 price VBMPX                             110.32 USD
2019-08-16 price RGAGX                             108.76 USD
2019-08-16 price ITOT                               70.97 USD
2019-08-16 price VEA                                56.63 USD
2019-08-16 price VHT                               215.15 USD
2019-08-16 price GLD                                86.85 USD
2019-08-23 price VBMPX                             111.87 USD
2019-08-23 price RGAGX                             108.62 USD
2019-08-23 price ITOT                               73.11 USD
2019-08-23 price VEA                                55.90 USD
2019-08-23 price VHT                               215.34 USD
2019-08-23 price GLD                                87.30 USD
2019-08-30 price VBMPX                             111.72 USD
2019-08-30 price RGAGX                             109.25 USD
2019-08-30 price ITOT                               74.86 USD
2019-08-30 price VEA                                55.14 USD
2019-08-30 price VHT                               219.74 USD
2019-08-30 price GLD                                87.68 USD
2019-09-06 price VBMPX                             113.21 USD
2019-09-06 price RGAGX                             109.64 USD
2019-09-06 price ITOT                               75.23 USD
2019-09-06 price VEA                                53.74 USD
2019-09-06 price VHT                               220.29 USD
2019-09-06 price GLD                                89.06 USD
2019-09-13 price VBMPX                             112.03 USD
2019-09-13 price RGAGX                             108.41 USD
2019-09-13 price ITOT                               74.11 USD
2019-09-13 price VEA                                54.59 USD
2019-09-13 price VHT                               222.13 USD
2019-09-13 price GLD                                90.08 USD
2019-09-20 price VBMPX                             111.42 USD
2019-09-20 price RGAGX                             104.94 USD
2019-09-20 price ITOT                               76.60 USD
2019-09-20 price VEA                                54.49 USD
2019-09-20 price VHT                               218.69 USD
2019-09-20 price GLD                                92.16 USD
2019-09-27 price VBMPX                             111.33 USD
2019-09-27 price RGAGX                             104.56 USD
2019-09-27 price ITOT                               77.95 USD
2019-09-27 price VEA                                53.70 USD
2019-09-27 price VHT                               218.78 USD
2019-09-27 price GLD                                94.15 USD
2019-10-04 price VBMPX                             111.60 USD
2019-10-04 price RGAGX                             104.00 USD
2019-10-04 price ITOT                               77.75 USD
2019-10-04 price VEA                                53.14 USD
2019-10-04 price VHT                               221.45 USD
2019-10-04 price GLD                                95.66 USD
2019-10-11 price VBMPX                             112.61 USD
2019-10-11 price RGAGX                             104.15 USD
2019-10-11 price ITOT                               76.56 USD
2019-10-11 price VEA                                53.51 USD
2019-10-11 price VHT                               217.99 USD
2019-10-11 price GLD                                98.20 USD
2019-10-18 price VBMPX                             111.87 USD
2019-10-18 price RGAGX                             105.05 USD
2019-10-18 price ITOT                               76.25 USD
2019-10-18 price VEA                                53.52 USD
2019-10-18 price VHT                               221.58 USD
2019-10-18 price GLD                                98.75 USD
2019-10-25 price VBMPX                             111.99 USD
2019-10-25 price RGAGX                             104.73 USD
2019-10-25 price ITOT                               74.80 USD
2019-10-25 price VEA                                53.23 USD
2019-10-25 price VHT                               219.09 USD
2019-10-25 price GLD                                97.44 USD
2019-11-01 price VBMPX                             113.77 USD
2019-11-01 price RGAGX                             103.47 USD
2019-11-01 price ITOT                               76.25 USD
2019-11-01 price VEA                                53.27 USD
2019-11-01 price VHT                               219.92 USD
2019-11-01 price GLD                                99.65 USD
2019-11-08 price VBMPX                             114.86 USD
2019-11-08 price RGAGX                             105.16 USD
2019-11-08 price ITOT                               76.51 USD
2019-11-08 price VEA                                54.06 USD
2019-11-08 price VHT                               220.99 USD
2019-11-08 price GLD                               100.34 USD
2019-11-15 price VBMPX                             115.69 USD
2019-11-15 price RGAGX                             107.47 USD
2019-11-15 price ITOT                               77.39 USD
2019-11-15 price VEA                                54.85 USD
2019-11-15 price VHT                               223.03 USD
2019-11-15 price GLD                               100.46 USD
2019-11-22 price VBMPX                             114.07 USD
2019-11-22 price RGAGX                             107.84 USD
2019-11-22 price ITOT                               77.66 USD
2019-11-22 price VEA                                54.48 USD
2019-11-22 price VHT                               220.38 USD
2019-11-22 price GLD                                99.77 USD
2019-11-29 price VBMPX                             114.25 USD
2019-11-29 price RGAGX                             106.92 USD
2019-11-29 price ITOT                               78.08 USD
2019-11-29 price VEA                                54.14 USD
2019-11-29 price VHT                               221.87 USD
2019-11-29 price GLD                               101.32 USD
2019-12-06 price VBMPX                             114.51 USD
2019-12-06 price RGAGX                             107.66 USD
2019-12-06 price ITOT                               76.18 USD
2019-12-06 price VEA                                54.58 USD
2019-12-06 price VHT                               219.24 USD
2019-12-06 price GLD                               100.26 USD
2019-12-13 price VBMPX                             116.97 USD
2019-12-13 price RGAGX                             108.08 USD
2019-12-13 price ITOT                               76.31 USD
2019-12-13 price VEA                                55.22 USD
2019-12-13 price VHT                               221.72 USD
2019-12-13 price GLD                                98.70 USD
2019-12-20 price VBMPX                             115.79 USD
2019-12-20 price RGAGX                             110.64 USD
2019-12-20 price ITOT                               76.65 USD
2019-12-20 price VEA                                55.85 USD
2019-12-20 price VHT                               224.37 USD
2019-12-20 price GLD                                97.60 USD
2019-12-27 price VBMPX                             115.93 USD
2019-12-27 price RGAGX                             110.64 USD
2019-12-27 price ITOT                               75.76 USD
2019-12-27 price VEA                                56.17 USD
2019-12-27 price VHT                               225.53 USD
2019-12-27 price GLD                                99.99 USD
2020-01-03 price VBMPX                             116.43 USD
2020-01-03 price RGAGX                             110.76 USD
2020-01-03 price ITOT                               75.21 USD
2020-01-03 price VEA                                55.30 USD
2020-01-03 price VHT                               227.78 USD
2020-01-03 price GLD                                98.40 USD
2020-01-10 price VBMPX                             115.15 USD
2020-01-10 price RGAGX                             109.66 USD
2020-01-10 price ITOT                               76.03 USD
2020-01-10 price VEA                                55.48 USD
2020-01-10 price VHT                               226.54 USD
2020-01-10 price GLD                                96.76 USD
2020-01-17 price VBMPX                             114.51 USD
2020-01-17 price RGAGX                             110.99 USD
2020-01-17 price ITOT                               74.30 USD
2020-01-17 price VEA                                56.62 USD
2020-01-17 price VHT                               230.70 USD
2020-01-17 price GLD                                95.48 USD
2020-01-24 price VBMPX                             111.44 USD
2020-01-24 price RGAGX                             111.18 USD
2020-01-24 price ITOT                               75.26 USD
2020-01-24 price VEA                                56.27 USD
2020-01-24 price VHT                               228.78 USD
2020-01-24 price GLD                                95.40 USD
2020-01-31 price VBMPX                             114.56 USD
2020-01-31 price RGAGX                             113.70 USD
2020-01-31 price ITOT                               75.14 USD
2020-01-31 price VEA                                55.90 USD
2020-01-31 price VHT                               231.28 USD
2020-01-31 price GLD                                95.49 USD
2020-02-07 price VBMPX                             118.14 USD
2020-02-07 price RGAGX                             113.36 USD
2020-02-07 price ITOT                               74.45 USD
2020-02-07 price VEA                                56.55 USD
2020-02-07 price VHT                               232.28 USD
2020-02-07 price GLD                                93.40 USD
2020-02-14 price VBMPX                             119.09 USD
2020-02-14 price RGAGX                             111.68 USD
2020-02-14 price ITOT                               73.26 USD
2020-02-14 price VEA                                56.17 USD
2020-02-14 price VHT                               234.26 USD
2020-02-14 price GLD                                95.23 USD
2020-02-21 price VBMPX                             120.80 USD
2020-02-21 price RGAGX                             109.01 USD
2020-02-21 price ITOT                               72.82 USD
2020-02-21 price VEA                                56.47 USD
2020-02-21 price VHT                               234.78 USD
2020-02-21 price GLD                                95.09 USD
2020-02-28 price VBMPX                             121.19 USD
2020-02-28 price RGAGX                             108.25 USD
2020-02-28 price ITOT                               72.85 USD
2020-02-28 price VEA                                56.51 USD
2020-02-28 price VHT                               231.84 USD
2020-02-28 price GLD                                97.12 USD
2020-03-06 price VBMPX                             117.61 USD
2020-03-06 price RGAGX                             108.18 USD
2020-03-06 price ITOT                               72.98 USD
2020-03-06 price VEA                                58.02 USD
2020-03-06 price VHT                               232.90 USD
2020-03-06 price GLD                                98.58 USD
2020-03-13 price VBMPX                             120.44 USD
2020-03-13 price RGAGX                             110.36 USD
2020-03-13 price ITOT                               71.79 USD
2020-03-13 price VEA                                58.57 USD
2020-03-13 price VHT                               232.92 USD
2020-03-13 price GLD                                98.33 USD
2020-03-20 price VBMPX                             121.09 USD
2020-03-20 price RGAGX                             109.83 USD
2020-03-20 price ITOT                               71.27 USD
2020-03-20 price VEA                                58.28 USD
2020-03-20 price VHT                               235.56 USD
2020-03-20 price GLD                               100.32 USD
2020-03-27 price VBMPX                             122.53 USD
2020-03-27 price RGAGX                             109.07 USD
2020-03-27 price ITOT                               70.94 USD
2020-03-27 price VEA                                59.27 USD
2020-03-27 price VHT                               236.11 USD
2020-03-27 price GLD                                98.60 USD
2020-04-03 price VBMPX                             123.15 USD
2020-04-03 price RGAGX                             110.93 USD
2020-04-03 price ITOT                               71.41 USD
2020-04-03 price VEA                                59.98 USD
2020-04-03 price VHT                               239.46 USD
2020-04-03 price GLD                                97.76 USD
2020-04-10 price VBMPX                             127.30 USD
2020-04-10 price RGAGX                             112.89 USD
2020-04-10 price ITOT                               71.52 USD
2020-04-10 price VEA                                60.80 USD
2020-04-10 price VHT                               238.31 USD
2020-04-10 price GLD                                97.32 USD
2020-04-17 price VBMPX                             127.73 USD
2020-04-17 price RGAGX                             115.84 USD
2020-04-17 price ITOT                               71.17 USD
2020-04-17 price VEA                                60.92 USD
2020-04-17 price VHT                               240.31 USD
2020-04-17 price GLD                                94.61 USD
2020-04-24 price VBMPX                             129.45 USD
2020-04-24 price RGAGX                             116.00 USD
2020-04-24 price ITOT                               72.60 USD
2020-04-24 price VEA                                60.91 USD
2020-04-24 price VHT                               239.48 USD
2020-04-24 price GLD                                94.74 USD
2020-05-01 price VBMPX                             132.17 USD
2020-05-01 price RGAGX                             116.90 USD
2020-05-01 price ITOT                               73.24 USD
2020-05-01 price VEA                                62.20 USD
2020-05-01 price VHT                               243.59 USD
2020-05-01 price GLD                                96.71 USD
2020-05-08 price VBMPX                             127.99 USD
2020-05-08 price RGAGX                             116.98 USD
2020-05-08 price ITOT                               73.74 USD
2020-05-08 price VEA                                62.10 USD
2020-05-08 price VHT                               243.11 USD
2020-05-08 price GLD                                97.49 USD
2020-05-15 price VBMPX                             129.49 USD
2020-05-15 price RGAGX                             116.96 USD
2020-05-15 price ITOT                               72.52 USD
2020-05-15 price VEA                                62.75 USD
2020-05-15 price VHT                               244.15 USD
2020-05-15 price GLD                                95.81 USD
2020-05-22 price VBMPX                             129.25 USD
2020-05-22 price RGAGX                             115.01 USD
2020-05-22 price ITOT                               70.98 USD
2020-05-22 price VEA                                62.42 USD
2020-05-22 price VHT                               248.14 USD
2020-05-22 price GLD                                96.97 USD
2020-05-29 price VBMPX                             131.19 USD
2020-05-29 price RGAGX                             115.51 USD
2020-05-29 price ITOT                               70.13 USD
2020-05-29 price VEA                                62.03 USD
2020-05-29 price VHT                               248.58 USD
2020-05-29 price GLD                                96.20 USD
2020-06-05 price VBMPX                             131.61 USD
2020-06-05 price RGAGX                             116.27 USD
2020-06-05 price ITOT                               71.47 USD
2020-06-05 price VEA                                63.00 USD
2020-06-05 price VHT                               252.18 USD
2020-06-05 price GLD                                98.07 USD
2020-06-12 price VBMPX                             130.74 USD
2020-06-12 price RGAGX                             117.96 USD
2020-06-12 price ITOT                               74.10 USD
2020-06-12 price VEA                                62.04 USD
2020-06-12 price VHT                               252.64 USD
2020-06-12 price GLD                                99.67 USD
2020-06-19 price VBMPX                             132.25 USD
2020-06-19 price RGAGX                             119.26 USD
2020-06-19 price ITOT                               74.79 USD
2020-06-19 price VEA                                62.74 USD
2020-06-19 price VHT                               249.31 USD
2020-06-19 price GLD                               101.44 USD
2020-06-26 price VBMPX                             136.04 USD
2020-06-26 price RGAGX                             121.98 USD
2020-06-26 price ITOT                               75.65 USD
2020-06-26 price VEA                                62.68 USD
2020-06-26 price VHT                               249.04 USD
2020-06-26 price GLD                                99.65 USD
2020-07-03 price VBMPX                             135.15 USD
2020-07-03 price RGAGX                             122.65 USD
2020-07-03 price ITOT                               74.05 USD
2020-07-03 price VEA                                63.82 USD
2020-07-03 price VHT                               251.03 USD
2020-07-03 price GLD                               101.68 USD
2020-07-10 price VBMPX                             135.09 USD
2020-07-10 price RGAGX                             122.75 USD
2020-07-10 price ITOT                               74.38 USD
2020-07-10 price VEA                                64.40 USD
2020-07-10 price VHT                               250.93 USD
2020-07-10 price GLD                               100.93 USD
2020-07-17 price VBMPX                             140.53 USD
2020-07-17 price RGAGX                             121.84 USD
2020-07-17 price ITOT                               75.20 USD
2020-07-17 price VEA                                63.74 USD
2020-07-17 price VHT                               252.81 USD
2020-07-17 price GLD                               101.37 USD
2020-07-24 price VBMPX                             142.27 USD
2020-07-24 price RGAGX                             120.20 USD
2020-07-24 price ITOT                               73.88 USD
2020-07-24 price VEA                                64.34 USD
2020-07-24 price VHT                               251.95 USD
2020-07-24 price GLD                               102.55 USD
2020-07-31 price VBMPX                             144.78 USD
2020-07-31 price RGAGX                             122.86 USD
2020-07-31 price ITOT                               72.93 USD
2020-07-31 price VEA                                65.81 USD
2020-07-31 price VHT                               250.24 USD
2020-07-31 price GLD                               102.99 USD
2020-08-07 price VBMPX                             144.67 USD
2020-08-07 price RGAGX                             123.27 USD
2020-08-07 price ITOT                               72.60 USD
2020-08-07 price VEA                                66.04 USD
2020-08-07 price VHT                               252.97 USD
2020-08-07 price GLD                               104.00 USD
2020-08-14 price VBMPX                             141.41 USD
2020-08-14 price RGAGX                             124.63 USD
2020-08-14 price ITOT                               74.47 USD
2020-08-14 price VEA                                66.70 USD
2020-08-14 price VHT                               255.36 USD
2020-08-14 price GLD                               104.99 USD
2020-08-21 price VBMPX                             139.74 USD
2020-08-21 price RGAGX                             123.14 USD
2020-08-21 price ITOT                               76.38 USD
2020-08-21 price VEA                                66.22 USD
2020-08-21 price VHT                               254.49 USD
2020-08-21 price GLD                               104.73 USD
2020-08-28 price VBMPX                             140.78 USD
2020-08-28 price RGAGX                             125.14 USD
2020-08-28 price ITOT                               76.55 USD
2020-08-28 price VEA                                66.38 USD
2020-08-28 price VHT                               255.67 USD
2020-08-28 price GLD                               106.63 USD
2020-09-04 price VBMPX                             140.83 USD
2020-09-04 price RGAGX                             125.42 USD
2020-09-04 price ITOT                               78.71 USD
2020-09-04 price VEA                                65.16 USD
2020-09-04 price VHT                               256.37 USD
2020-09-04 price GLD                               108.21 USD
2020-09-11 price VBMPX                             139.18 USD
2020-09-11 price RGAGX                             127.63 USD
2020-09-11 price ITOT                               77.75 USD
2020-09-11 price VEA                                65.02 USD
2020-09-11 price VHT                               257.45 USD
2020-09-11 price GLD                               108.77 USD
2020-09-18 price VBMPX                             138.77 USD
2020-09-18 price RGAGX                             125.70 USD
2020-09-18 price ITOT                               79.12 USD
2020-09-18 price VEA                                66.39 USD
2020-09-18 price VHT                               257.57 USD
2020-09-18 price GLD                               110.94 USD
2020-09-25 price VBMPX                             137.02 USD
2020-09-25 price RGAGX                             126.85 USD
2020-09-25 price ITOT                               79.96 USD
2020-09-25 price VEA                                67.19 USD
2020-09-25 price VHT                               258.47 USD
2020-09-25 price GLD                               111.59 USD
2020-10-02 price VBMPX                             137.01 USD
2020-10-02 price RGAGX                             124.28 USD
2020-10-02 price ITOT                               79.56 USD
2020-10-02 price VEA                                66.84 USD
2020-10-02 price VHT                               260.69 USD
2020-10-02 price GLD                               111.75 USD
2020-10-09 price VBMPX                             136.20 USD
2020-10-09 price RGAGX                             127.34 USD
2020-10-09 price ITOT                               78.38 USD
2020-10-09 price VEA                                67.19 USD
2020-10-09 price VHT                               261.20 USD
2020-10-09 price GLD                               109.69 USD
2020-10-16 price VBMPX                             138.27 USD
2020-10-16 price RGAGX                             126.17 USD
2020-10-16 price ITOT                               79.63 USD
2020-10-16 price VEA                                65.40 USD
2020-10-16 price VHT                               261.79 USD
2020-10-16 price GLD                               111.52 USD
2020-10-23 price VBMPX                             138.00 USD
2020-10-23 price RGAGX                             126.56 USD
2020-10-23 price ITOT                               80.63 USD
2020-10-23 price VEA                                64.89 USD
2020-10-23 price VHT                               262.39 USD
2020-10-23 price GLD                               111.57 USD
2020-10-30 price VBMPX                             139.46 USD
2020-10-30 price RGAGX                             127.08 USD
2020-10-30 price ITOT                               79.51 USD
2020-10-30 price VEA                                64.48 USD
2020-10-30 price VHT                               263.44 USD
2020-10-30 price GLD                               110.22 USD
2020-11-06 price VBMPX                             136.17 USD
2020-11-06 price RGAGX                             127.97 USD
2020-11-06 price ITOT                               79.81 USD
2020-11-06 price VEA                                65.05 USD
2020-11-06 price VHT                               264.19 USD
2020-11-06 price GLD                               111.49 USD
2020-11-13 price VBMPX                             133.77 USD
2020-11-13 price RGAGX                             129.61 USD
2020-11-13 price ITOT                               79.76 USD
2020-11-13 price VEA                                63.87 USD
2020-11-13 price VHT                               260.04 USD
2020-11-13 price GLD                               114.11 USD
2020-11-20 price VBMPX                             134.70 USD
2020-11-20 price RGAGX                             130.92 USD
2020-11-20 price ITOT                               79.48 USD
2020-11-20 price VEA                                63.80 USD
2020-11-20 price VHT                               264.66 USD
2020-11-20 price GLD                               114.33 USD
2020-11-27 price VBMPX                             136.81 USD
2020-11-27 price RGAGX                             130.90 USD
2020-11-27 price ITOT                               80.95 USD
2020-11-27 price VEA                                63.42 USD
2020-11-27 price VHT                               265.23 USD
2020-11-27 price GLD                               114.97 USD
2020-12-04 price VBMPX                             138.34 USD
2020-12-04 price RGAGX                             128.18 USD
2020-12-04 price ITOT                               80.20 USD
2020-12-04 price VEA                                64.32 USD
2020-12-04 price VHT                               269.81 USD
2020-12-04 price GLD                               115.76 USD
2020-12-11 price VBMPX                             139.00 USD
2020-12-11 price RGAGX                             129.77 USD
2020-12-11 price ITOT                               80.83 USD
2020-12-11 price VEA                                64.05 USD
2020-12-11 price VHT                               269.46 USD
2020-12-11 price GLD                               114.77 USD
2020-12-18 price VBMPX                             137.25 USD
2020-12-18 price RGAGX                             127.97 USD
2020-12-18 price ITOT                               79.57 USD
2020-12-18 price VEA                                63.29 USD
2020-12-18 price VHT                               268.26 USD
2020-12-18 price GLD                               111.99 USD
2020-12-25 price VBMPX                             137.22 USD
2020-12-25 price RGAGX                             129.06 USD
2020-12-25 price ITOT                               81.61 USD
2020-12-25 price VEA                                64.26 USD
2020-12-25 price VHT                               267.86 USD
2020-12-25 price GLD                               110.16 USD



* Cash

